2430 3878
590 215 616 271 V
1039 213 1103 278 143

170 381 258 423 omne
281 381 379 442 genus·
396 362 433 423 de
456 364 623 443 principiis,
646 362 794 424 discordia
816 381 941 442 quorum
1063 383 1104 424 uo

171 451 324 512 intervalla
346 454 408 512 vias
432 470 561 512 conexus
584 451 714 530 pondera
736 451 836 530 plagas

171 558 334 601 concursus
356 547 454 600 motus
477 539 613 600 turbabat
635 539 747 619 proelia
769 542 912 621 miscens,

100 643 153 694 430
171 635 295 708 propter
317 628 471 688 dissimilis
495 628 604 688 formas
627 630 781 706 variasque
804 629 912 706 figuras

100 732 153 782 441
173 716 252 795 quod
274 735 334 777 nou
357 719 455 776 omnia
477 718 521 777 sic
543 722 679 795 poterant
702 719 858 776 coniuncta
880 731 999 775 manere

173 823 228 865 uec
250 812 348 866 motus
370 807 449 865 iuter
472 823 536 865 sese
560 803 630 864 dare
653 806 862 865 convenientis.
1064 820 1105 862 445

173 893 317 972 diffugere
338 893 407 954 inde
430 892 489 952 loci
511 899 610 971 partes
634 911 771 973 coepere,
793 909 938 971 paresque
1066 911 1105 950 esi

174 1000 240 1041 cum
263 981 384 1060 paribus
407 983 491 1059 iungi
512 999 562 1041 res
585 987 615 1040 et
637 980 802 1040 discludere
825 979 968 1040 mundum

101 1084 155 1133 435
172 1069 362 1149 membraque
386 1069 516 1129 dividere
539 1075 569 1128 et
591 1086 711 1146 magnas
734 1068 890 1147 disponere
913 1074 1025 1147 partes,

100 1173 157 1223 446
172 1159 229 1218 hoo
251 1165 309 1239 est,
332 1177 349 1217 a
370 1159 460 1219 terris
484 1156 574 1216 altum
598 1174 753 1216 secernere
776 1156 902 1236 caelum,
1065 1175 1104 1216 με

175 1256 205 1306 et
227 1265 343 1307 sorsum
366 1264 461 1327 mare,
483 1246 528 1306 uti
550 1250 664 1304 secreto
687 1262 790 1304 umore
813 1251 940 1324 pateret,

175 1353 293 1395 seorsus
316 1337 387 1395 item
410 1335 478 1413 puri
501 1335 668 1411 secretique
691 1333 818 1392 aetheris
841 1335 933 1410 ignes.

218 1422 332 1502 Quippe
355 1425 465 1483 etenim
487 1423 617 1501 primum
638 1423 729 1481 terrai
752 1438 875 1499 corpora
898 1438 1044 1500 quaeque,

101 1527 156 1577 440
174 1518 330 1590 propterea
353 1511 431 1590 quod
455 1516 539 1570 eraut
561 1511 659 1588 gravia
682 1516 712 1569 et
733 1508 885 1591 perplexa,
908 1508 1025 1569 coibant
1064 1527 1105 1569 coo

101 1613 156 1666 451
174 1601 206 1658 in
229 1599 325 1660 medio
349 1606 436 1678 atque
459 1600 533 1658 imas
556 1597 710 1676 capiebant
732 1599 831 1657 omnia
853 1597 952 1678 sedes3

176 1705 249 1765 quae
273 1694 381 1766 quanto
403 1689 497 1765 magis
519 1688 598 1746 inter
620 1705 652 1746 se
675 1685 814 1765 perplexa
837 1685 967 1766 coibant,

175 1783 235 1836 tam
257 1778 350 1853 magis
373 1793 547 1854 expressere
570 1793 604 1834 ea
627 1793 701 1854 quae
724 1792 805 1834 mare
829 1773 926 1834 sidera
949 1772 1042 1832 solem

175 1863 333 1943 lunamque
356 1864 508 1924 eliioereut
531 1869 560 1922 et
581 1865 681 1941 magni
702 1864 819 1922 moenia
841 1862 956 1922 mundi:

103 1969 157 2018 445
176 1955 274 2013 omnia
296 1955 375 2013 enim
398 1954 491 2030 magis
513 1951 586 2011 haec
609 1970 625 2011 e
648 1950 762 2012 levibus
785 1957 872 2028 atque
896 1949 1032 2009 rutundis
1067 1969 1106 2010 sos

103 2057 160 2109 456
176 2040 337 2101 seminibus
360 2040 511 2118 multoque
533 2038 689 2099 minoribu'
713 2045 782 2098 sunt
803 2038 957 2098 elementis

87 2158 89 2164 ¹
177 2148 264 2208 quam
286 2128 381 2189 tellus.
418 2129 498 2208 ideo,
521 2145 575 2207 per
597 2145 663 2187 rara
685 2127 841 2206 foramina,
864 2132 961 2185 terrae

175 2217 308 2296 partibus
332 2234 491 2295 erumpens
513 2217 627 2294 primus
650 2233 682 2274 se
706 2213 825 2275 sustulit
848 2213 948 2273 aether

176 2307 285 2384 ignifer
307 2312 337 2365 et
358 2304 466 2365 multos
490 2321 591 2364 secum
613 2302 685 2364 levis
708 2301 830 2363 abstulit
851 2302 942 2382 ignis,

104 2410 157 2460 450
175 2412 236 2454 non
259 2393 314 2453 alia
336 2392 422 2472 longe
445 2394 559 2452 ratione
582 2410 616 2451 ac
638 2409 725 2470 saepe
748 2390 895 2471 videmus,
1068 2410 1108 2451 eso

104 2495 158 2546 461
177 2501 265 2543 aurea
287 2500 354 2542 cum
376 2483 505 2561 primum
527 2481 701 2558 gemmantis
724 2497 791 2539 rore
813 2497 868 2558 per
889 2477 996 2539 herbas

176 2571 317 2630 matutina
339 2569 447 2630 rubent
469 2569 575 2629 radiati
597 2568 709 2628 lumina
732 2567 817 2650 solis,

599 2677 616 2715 a

176 2746 370 2824 exhalantque
392 2745 473 2805 lacus
495 2745 632 2806 nebulam
655 2745 794 2824 lluviique
817 2761 976 2825 perennes,

176 2836 298 2914 ipsaque
321 2841 355 2895 ut
377 2834 525 2894 interdum
546 2834 634 2894 tellus
657 2834 769 2894 fumare
792 2832 920 2912 videtur;

105 2939 157 2988 455
177 2925 275 2983 omnia
297 2941 372 3002 quae
396 2940 513 2983 sursum
536 2941 604 2983 cum
626 2921 833 3000 conciliantur,
855 2922 887 2979 in
910 2917 968 2978 alto
1068 2936 1107 2979 aaa

104 3021 161 3074 466
175 3030 299 3090 corpore
323 3017 460 3070 concreto
484 3010 643 3071 subtexunt
665 3009 765 3070 nubila
789 3007 909 3068 caelum.

176 3102 220 3177 sio
242 3101 333 3178 igitur
355 3105 418 3158 tum
441 3098 568 3158 selenis
592 3117 625 3158 ao
649 3097 785 3158 diliusilis
808 3096 910 3156 aether

176 3206 300 3267 corpore
323 3194 461 3247 concreto
484 3186 682 3247 circumdatus
704 3186 835 3265 undique
857 3180 945 3262 stetit

176 3283 206 3337 et
228 3276 285 3336 late
309 3275 433 3336 diffusus
456 3277 488 3334 iu
511 3276 606 3334 omnis
630 3274 761 3353 undique
784 3274 877 3352 partis

104 3380 156 3430 460
176 3367 273 3424 omnia
296 3366 339 3424 sio
362 3363 446 3425 avido
469 3362 624 3441 complexu
647 3370 746 3423 cetera
769 3362 888 3440 saepsit.
1069 3381 1109 3422 no

103 3453 253 3515 471hunc
276 3451 397 3513 exordia
419 3457 489 3512 sunt
511 3451 581 3510 solis
604 3450 749 3530 lunaeque
774 3456 888 3531 secuta,

174 3543 393 3620 interutrasque
415 3539 496 3620 globi
520 3557 649 3621 quorum
669 3546 826 3602 uertuntur
846 3540 886 3598 in
903 3537 1009 3614 auris,
