2430 3878
149 196 194 261 82
634 197 674 251 ΙΠ

151 359 205 411 610
224 343 357 405 dissolui.
393 343 471 422 quod
495 345 522 404 si
543 343 708 405 inmortalis
731 351 831 405 nostra
853 344 930 405 soret
951 363 1053 426 mens,

223 440 364 492 nontam
388 450 419 492 se
443 434 573 492 moriens
597 432 718 492 dissolvi
740 440 984 513 conquereretur,

224 520 276 580 sed
299 522 392 598 magis
415 522 459 581 ire
483 520 563 581 loras
585 526 755 598 vestemque
778 520 960 602 relinquere,
986 527 1023 581 ut
1044 523 1162 601 anguis

266 602 276 691 ll
287 608 419 687 Denique
439 626 492 668 cur
510 610 600 668 animi
613 626 774 687 numquam
787 626 871 669 mens
885 608 1110 688 consiliumque
1123 631 1163 674 ers

92 753 95 758 .
224 698 354 774 gignitur
375 699 407 755 in
430 697 525 773 capite
549 702 599 756 ant
620 696 745 774 pedibus
768 697 953 778 manibusve,
976 697 1030 757 sed
1054 700 1127 758 unis

152 799 205 849 615
225 783 344 844 sedibus
368 791 398 844 et
420 786 510 844 certis
533 784 705 862 regionibus
728 784 865 845 omnibus
887 784 1002 865 haeret,

223 874 250 935 si
272 890 331 932 non
355 879 435 932 certa
458 871 521 932 loca
544 872 581 932 ad
603 872 783 932 nascendum
804 872 920 933 reddita
943 874 1051 952 cuique

224 968 306 1040 sunt,
332 967 362 1020 et
383 960 435 1020 ubi
458 961 598 1038 quicquid
620 962 715 1039 possit
738 961 843 1021 durare
867 967 999 1022 creatum

223 1055 310 1127 atque
333 1050 374 1108 ita
396 1047 578 1108 multimodis
600 1050 718 1126 partitis
740 1047 863 1109 artubus
887 1066 966 1128 esse,
1122 1074 1166 1114 eso

224 1135 424 1196 membrorum
447 1142 481 1196 ut
502 1154 661 1214 numquam
685 1138 792 1197 existat
813 1142 1022 1216 praeposterus
1045 1134 1144 1198 orde?

153 1240 207 1290 620
225 1241 319 1303 usque
342 1224 414 1284 adeo
438 1226 573 1303 sequitur
595 1242 644 1284 res
667 1243 744 1304 rem,
766 1242 863 1303 neque
885 1224 1005 1284 flamna
1025 1229 1125 1286 creari

223 1311 395 1372 fluminibus
420 1311 533 1372 solitast
556 1330 652 1390 neque
674 1314 706 1372 in
728 1313 791 1391 igni
813 1314 929 1391 gignier·
950 1310 1039 1391 algor.
1058 1309 1072 1394 l

267 1399 422 1460 Praeterea
446 1402 472 1459 si
494 1399 658 1460 inmortalis
681 1407 787 1460 natura
808 1402 946 1461 animaist

224 1494 254 1547 et
277 1489 387 1547 sentire
410 1493 508 1565 potest
531 1494 644 1548 secreta
666 1506 683 1548 a
706 1504 829 1567 corpore
852 1495 966 1568 nostre,
1120 1513 1159 1553 sas

225 1576 363 1654 quinque,
386 1585 420 1634 ut
437 1577 551 1654 opinor,
573 1593 637 1635 eam
656 1575 854 1637 faciundumst
873 1576 1010 1638 sensibus
1028 1584 1160 1639 auctam:

153 1678 206 1728 ene
224 1680 279 1723 neo
302 1665 415 1722 ratione
439 1661 494 1722 alia
516 1670 633 1722 nosmet
653 1682 818 1743 proponere
841 1663 927 1724 nobis

223 1768 380 1828 possumus
403 1750 534 1810 infernas
557 1753 669 1811 animas
691 1751 857 1812 Acherunte
879 1755 987 1831 vagari.

223 1841 353 1916 pictores
374 1840 473 1916 itaque
496 1845 527 1898 et
548 1840 726 1917 scriptorum
750 1839 845 1900 saecla
866 1842 967 1918 priora

224 1928 267 1986 sic
290 1928 401 1986 animas
424 1928 502 1986 intre
526 1925 673 1987 duxerunt
695 1927 832 1988 sensibus
857 1934 965 1989 auctas.
1119 1952 1160 1992 eso

223 2020 253 2074 at
274 2032 370 2092 neque
395 2031 510 2075 sorsum
534 2013 612 2075 oculi
633 2032 730 2093 neque
752 2033 839 2076 nares
862 2033 917 2076 nec
939 2034 1046 2078 manus
1069 2019 1134 2096 ipsa

152 2118 205 2168 630
224 2119 289 2162 esse
312 2108 409 2180 potest
427 2104 550 2184 animae,
573 2120 669 2181 neque
688 2121 804 2163 sorsum
821 2103 922 2181 lingua
940 2122 1037 2183 neque
1057 2123 1158 2166 aures:

222 2189 299 2251 haud
322 2192 414 2268 igitur
435 2209 490 2269 per
512 2209 544 2250 se
567 2197 692 2269 possunt
714 2194 824 2252 sentire
847 2209 943 2270 neque
966 2210 1042 2254 esse.

266 2272 325 2361 llEt
348 2281 486 2357 quoniam
508 2285 569 2338 toto
593 2281 737 2339 sentimus
760 2297 883 2357 corpore
906 2281 1006 2341 inesse

222 2365 339 2426 vitalem
363 2384 481 2426 sensum
506 2372 536 2426 et
557 2373 652 2427 totum
674 2384 740 2427 esse
763 2367 887 2428 animale
909 2366 1058 2450 ridemus,
1119 2391 1159 2432 ees

223 2455 250 2512 si
272 2452 369 2513 subito
391 2454 522 2514 medium
545 2453 635 2514 celeri
656 2455 835 2533 praeciderit
857 2457 918 2515 ictu

153 2557 205 2606 6³5
223 2541 268 2600 vis
291 2538 400 2621 aliqua,
422 2549 455 2601 ut
477 2560 594 2601 sorsum
616 2549 731 2620 partem
754 2549 888 2603 secernat
909 2548 1080 2625 utramque,

225 2627 378 2705 dispertita
400 2627 503 2706 procul
527 2627 615 2689 dubio
639 2648 755 2708 quoque
779 2633 823 2690 vis
846 2633 955 2691 animai

224 2721 254 2776 et
276 2714 399 2776 discissa
421 2715 509 2776 simul
532 2735 599 2776 cum
622 2736 746 2796 corpore
768 2718 946 2779 dissicietur.

223 2810 253 2863 at
275 2803 353 2882 quod
376 2804 522 2864 scinditur
544 2811 574 2864 et
595 2808 688 2883 partis
711 2805 837 2867 discedit
859 2809 890 2867 in
912 2805 1001 2887 ullas,
1120 2831 1160 2871 eso

225 2891 350 2972 scilicet,
373 2899 521 2953 aeternam
545 2892 602 2953 sibi
624 2900 758 2954 naturam
781 2894 884 2954 abnuit
906 2912 982 2954 esse.

153 2995 205 3045 640
224 2979 370 3040 lalcileros
392 2987 557 3040 memorant
579 3000 684 3041 currus
708 2981 860 3043 abscidere
882 2981 1016 3043 membra

224 3085 311 3146 saepe
334 3070 374 3129 ita
398 3069 434 3128 de
458 3068 555 3129 subito
577 3071 722 3147 permixta
745 3070 834 3131 caede
857 3070 993 3152 calentis,

223 3162 257 3216 ut
278 3163 405 3216 tremere
428 3158 561 3216 interra
584 3156 717 3217 videatur
739 3157 775 3218 ab
798 3157 920 3219 artubus
942 3159 973 3219 id
997 3159 1075 3238 quod

225 3243 334 3304 decidit
350 3242 507 3323 abscisum,
526 3262 593 3304 cum
607 3263 690 3305 mens
705 3254 803 3307 tamen
817 3253 904 3325 atque
918 3247 1048 3308 hominis
1061 3250 1106 3309 vis
1121 3269 1161 3312 ees

224 3330 386 3399 mobilitate
408 3331 479 3392 mali
500 3350 560 3392 non
583 3335 647 3410 quit
669 3336 780 3394 sentire
803 3334 948 3416 dolorem,

153 3435 206 3486 645
225 3426 255 3480 et
278 3419 367 3479 simul
389 3421 420 3478 in
443 3436 557 3498 pugnae
581 3420 678 3480 studio
703 3422 781 3500 quod
804 3422 902 3483 dedita
924 3441 1009 3484 mens
1032 3431 1090 3504 est,

216 3525 344 3589 corpore
369 3507 485 3571 relicuo
508 3527 641 3590 pugnam
662 3510 827 3588 caedesque
845 3513 986 3589 petessit,
