2430 3878
468 182 659 238 APPENDIK
1003 181 1067 245 223

63 339 153 394 Giuss.
181 341 305 394 locorum
333 340 458 394 ordinem
480 356 536 393 non
558 341 656 394 mutat.
685 371 718 380 -
752 344 803 394 247
822 341 906 411 (Brg.)
926 384 931 394 .
952 383 958 395 .
978 381 986 398 .
1009 342 1068 395 2222

63 417 144 480 capet
165 411 353 481 *redditarb
383 412 438 466 2222
464 418 544 482 capet
569 427 587 466 e
613 412 739 465 redditar
763 408 852 464 Giuss.
893 412 953 465 alid
978 417 1068 481 aapct,

63 481 174 536 reccidit
195 481 323 535 Hacberl.
351 513 386 522 —
413 487 466 535 274
490 483 577 535 22222
594 482 723 543 1222222
744 482 839 536 taedae
856 481 958 552 Benti]
981 482 1068 536 etiam

64 549 153 605 Giuse.
174 583 207 591 —
226 557 277 604 278
296 552 331 606 ab
349 553 504 606 22222022
522 553 632 623 2922222
655 500 710 615 gil.
730 551 792 605 edd.
812 583 845 592 -
865 557 915 605 302
936 595 941 605 .
962 594 993 606 ..
1018 569 1066 620 ap-

63 622 174 693 pareat]
193 639 318 691 quaerere
332 639 466 691 proporro
483 623 537 677 2222
554 640 614 677 scae
631 639 762 677 22222222
780 621 892 676 crestae?
909 622 960 676 Mr.
976 621 1065 676 Giuss.

65 692 137 746 ‘uon
156 695 243 760 certa,
266 709 312 746 ma
335 709 444 762 ueppur
464 692 510 746 del
527 694 601 747 tutto
619 690 804 761 improbabile
827 693 876 761 qui
899 695 914 746 b
936 708 1020 761 parea
1038 693 1068 746 la

64 763 219 817 correzione
239 763 285 817 del
302 763 425 818 Munro’.
445 794 479 803 -
498 769 549 816 338
568 765 639 818 22222
656 780 705 818 222
723 765 900 834 2292222222
917 763 989 816 nihil
1003 763 1066 835 est]

63 834 140 901 quod
161 836 257 887 tamen
280 834 368 888 Giuss.
390 834 493 887 scribit.
517 833 592 887 idem
609 850 673 887 vero
691 835 766 887 reete
784 834 884 888 morbis
901 874 908 887 .
924 877 929 888 .
947 878 953 888 .
971 834 1068 900 isdem,

64 921 127 958 cum
148 904 206 958 Pio.
225 904 276 958 Mr.
299 905 363 974 Brg.
392 936 425 944 -
454 907 562 968 3491it
583 902 925 972 copiaetiamGiuss.—
946 909 1066 959 352...

63 976 207 1030 dissiliant
220 976 281 1044 (res)
296 974 351 1039 OQ.
366 975 424 1028 Lm.
439 975 469 1027 Β.
484 974 548 1045 Mn]
563 973 651 1028 Giuss.
663 1006 700 1015 —
718 979 769 1028 359
784 992 835 1044 per
852 976 931 1029 22222
945 1018 951 1029 .
967 1017 973 1028 .
989 974 1008 1045 .]
1019 991 1066 1043 pe·

62 1046 126 1100 riclr'
145 1044 199 1110 OQ.
220 1045 295 1113 edd,
315 1045 401 1099 etiam
419 1044 508 1098 Giuss.
528 1044 780 1115 -113621162222
800 1047 883 1099 recte.
920 1050 971 1098 386
989 1061 1066 1114 sape-

62 1117 136 1170 ravit
160 1122 185 1170 22
206 1116 310 1170 ardeas
335 1117 421 1170 222222
441 1117 561 1183 perarsit
578 1114 667 1169 Pelle:
696 1117 804 1170 222222
827 1114 882 1180 OQ.
910 1121 1068 1185 saporata

63 1187 199 1241 lamberte
225 1202 291 1240 oorr.
316 1185 346 1250 Q.
370 1185 428 1238 Lm.
448 1185 478 1239 Β.
501 1185 565 1256 Mu]
591 1184 680 1239 Giuss.
708 1217 741 1226 —
771 1190 821 1239 306
847 1203 961 1254 corpora
981 1186 1068 1255 plara

63 1263 189 1311 coorta*
207 1257 478 1311 222222222222222
497 1296 547 1312 ...
566 1262 815 1324 autpereaatres
834 1257 897 1327 ...]
916 1256 1067 1309 assentitur

64 1325 167 1379 Giuss.:
195 1333 286 1382 coorta
308 1334 338 1380 et
356 1333 471 1394 pererret
493 1343 535 1381 res
553 1366 560 1380 .
581 1369 586 1380 .
606 1369 612 1380 .
631 1328 695 1381 2222
713 1327 815 1381 cadara
837 1327 907 1381 22222
925 1328 995 1396 (410.
1014 1331 1066 1379 409

62 1397 132 1466 Lm.)
151 1397 208 1450 Lm.
225 1428 258 1437 -
272 1403 324 1450 402
343 1398 405 1466 (412
419 1397 488 1466 Lm.)
507 1397 607 1451 mattae
625 1397 734 1465 qaaado
753 1397 844 1451 obrait
855 1399 941 1451 22022
954 1396 1065 1450 Marull.

63 1467 122 1520 Lm.
142 1467 172 1520 B.
191 1467 255 1520 Mu:
279 1468 379 1522 mattas
399 1510 404 1521 .
425 1510 430 1521 .
450 1508 456 1520 .
476 1468 564 1521 222222
587 1465 642 1530 OQ.
663 1470 808 1523 2..2222
827 1511 832 1522 .
849 1507 855 1521 .
871 1509 877 1520 .
896 1469 980 1521 uadis
1003 1482 1067 1519 oum

63 1538 221 1590 Purmanno
235 1537 334 1604 (liure,
353 1537 402 1604 qui
419 1539 514 1590 tamen
533 1537 635 1590 subicit
655 1538 715 1590 ‘ma
733 1553 789 1590 non
803 1537 829 1591 oi
846 1537 882 1591 ho
896 1554 967 1608 gron
980 1535 1065 1591 fede’.

63 1639 97 1647 —
121 1613 172 1661 419
183 1625 222 1675 sq.
250 1609 359 1662 222222
381 1609 542 1663 2222222222
567 1625 600 1662 22
624 1625 693 1677 qaae
716 1614 844 1663 coaoeata
868 1608 935 1678 (Lm.
960 1608 990 1663 B.
1014 1607 1065 1662 Mr.

64 1676 153 1732 Giuss.
182 1685 316 1733 22222222
341 1676 408 1801 OQ&
430 1685 536 1747 repeate
557 1695 719 1748 mapaaram
744 1695 835 1732 reram
856 1679 928 1745 fiant
954 1679 1068 1732 exordia

63 1764 164 1816 saepe
178 1747 232 1813 OQ.
243 1749 294 1802 Mr.
305 1747 368 1819 Brg.
404 1749 483 1803 iuss:
497 1764 612 1817 semper
625 1748 683 1803 Lm.
698 1749 728 1802 B.
744 1780 777 1788 -
792 1754 843 1802 436
860 1792 865 1802 .
882 1791 887 1802 .
904 1792 909 1803 .
925 1756 950 1804 et
962 1765 1067 1804 2222222

63 1837 150 1885 mare,
168 1822 231 1875 222.
248 1862 253 1873 .
269 1821 403 1890 2222222]
421 1836 495 1874 aare
513 1821 555 1873 222
573 1819 630 1872 Lm.
650 1819 680 1872 B.
700 1819 750 1893 ΜΓ.
770 1817 859 1873 Giuss.
881 1851 914 1861 -
932 1824 984 1873 450
1003 1820 1067 1889 (460

63 1889 133 1959 Lm.)
144 1906 202 1956 sqq.
224 1892 460 1943 ...22222222
477 1932 504 1943 ..
524 1906 610 1943 araca
627 1907 688 1943 2222
707 1930 713 1942 .
729 1933 735 1944 .
751 1932 757 1944 .
776 1891 872 1944 222222
891 1933 896 1944 .
912 1930 941 1944 ..
961 1890 1067 1944 lamina

63 1961 128 2014 eolis
137 1975 154 2014 e
164 1959 383 2024 extuleratque.
395 1999 401 2012 .
413 2002 418 2014 .
428 1960 507 2013 tellas
520 1959 627 2024 famare
640 1960 759 2012 videtur:
768 1964 820 2012 450
830 2001 837 2012 .
849 2001 854 2014 ,
867 1960 1029 2014 22222222.
1042 1999 1065 2013 ..

63 2035 116 2083 453
126 2030 243 2082 caelare
251 2028 309 2080 Lm.
320 2028 360 2095 Β.,
375 2028 450 2095 quod
463 2027 546 2080 nimis
558 2027 642 2098 longe
657 2045 674 2081 a
686 2028 766 2081 libris
779 2029 896 2099 recedit]
910 2027 999 2082 Giuss.
1014 2034 1066 2083 460

63 2100 122 2153 Lm.
142 2099 262 2153 cisternas
279 2114 297 2153 ιιι
314 2103 366 2152 463
385 2099 563 2167 exhalantque
578 2139 583 2152 .
600 2140 606 2152 .
621 2141 626 2152 .
642 2103 695 2152 464
713 2100 825 2166 ipsaque
842 2106 893 2153 22.
910 2141 915 2152 .
931 2141 937 2152 .
952 2100 1066 2166 videtvr,

63 2176 115 2224 461
135 2186 220 2223 astrea
239 2185 299 2222 cara
314 2170 447 2236 primam,
466 2173 582 2222 462...
602 2169 675 2236 cotio,
694 2184 750 2235 qua
767 2169 984 2236 transpositione
1003 2185 1067 2222 eum

63 2240 136 2294 nihil
157 2239 261 2293 lucrari
282 2241 358 2307 puto.
383 2270 417 2278 -
440 2243 491 2291 457
506 2255 545 2305 sq.
564 2255 592 2293 ce
607 2282 612 2293 .
628 2281 634 2292 .
650 2279 656 2293 .
671 2240 760 2293 aether
775 2281 780 2292 .
796 2279 802 2292 .
818 2281 823 2292 .
839 2241 959 2307 aadiqae
971 2240 1068 2304 flectit

63 2311 122 2364 Lm
141 2326 192 2379 pro
205 2310 318 2378 saepo-it,
337 2310 405 2362 item
418 2309 449 2362 B.
459 2308 509 2362 ΜΓ.
520 2309 583 2379 Brg.
595 2308 683 2362 Giuss.
695 2340 728 2348 —
747 2314 799 2362 475
809 2326 868 2378 sqq.
883 2311 1011 2380 copebartt
1025 2353 1030 2364 .
1042 2353 1047 2363 .
1060 2352 1066 2364 .

63 2389 171 2448 terram,
185 2381 336 2435 aerberibas
345 2395 397 2449 ego
412 2381 441 2433 et
450 2377 551 2432 diues:
568 2387 667 2434 terram
675 2379 827 2435 verberibus
841 2422 847 2435 .
859 2421 882 2433 ..
897 2383 934 2434 22
943 2387 1068 2447 artam,

64 2453 96 2506 22
105 2453 190 2506 medio
201 2453 251 2504 cto.
271 2451 331 2517 Mu,
342 2466 424 2518 quem
433 2449 463 2502 in
472 2450 695 2520 interpungendo
705 2465 814 2518 quoque
824 2450 903 2518 sequi
912 2450 1066 2517 debuimus,

64 2522 107 2575 ita
119 2525 152 2574 ut
161 2522 342 2579 scriberemus
351 2522 479 2591 copebaat
544 2522 803 2576 terramaerberibas
813 2523 863 2575 cto.
879 2523 910 2575 22
919 2528 1018 2587 artam,
1027 2562 1034 2575 .
1044 2563 1065 2574 ..

65 2623 99 2631 —
109 2597 161 2645 493
174 2593 248 2645 baec
313 2593 381 2646 22222
390 2591 453 2662 Mn]
473 2589 758 2646 (21222-534-563
773 2593 838 2645 ante
853 2597 903 2645 509
913 2591 1005 2645 Bkm.:
1025 2606 1066 2644 se-

65 2662 160 2730 quitur
170 2677 233 2714 eum
243 2662 328 2714 etiam
338 2662 467 2715 Giuss-
476 2667 527 2714 510
537 2662 600 2732 Brg.
608 2669 773 2728 queatrec.
785 2704 790 2716 .
800 2663 818 2734 .]
827 2662 1066 2731 2202262222.-

65 2738 117 2786 511
133 2775 138 2785 ,
155 2775 160 2785 .
177 2733 275 2786 ,222222
290 2775 295 2785 .
311 2774 317 2785 .
333 2775 339 2786 .
355 2738 406 2785 514
421 2738 542 2801 certaque
552 2749 621 2801 pars
634 2734 691 2788 2222
705 2733 785 2801 paesi
796 2734 876 2787 22622
889 2734 1014 2797 222622,
1027 2732 1068 2784 ai·

64 2803 169 2872 detar]:
184 2803 315 2856 22222222
324 2801 378 2867 OQ.
390 2802 451 2855 cdd.
463 2803 549 2856 etiam
558 2802 646 2856 Giuss.
666 2803 741 2856 idem
754 2805 763 2871 [1
777 2807 916 2855 515-520
926 2808 1068 2869 praeterea

63 2874 167 2944 praadr'
180 2873 284 2926 2222222
297 2903 330 2913 -
345 2874 436 2927 222222
450 2879 516 2941 apta
528 2874 549 2943 tt.
568 2889 625 2926 non
639 2873 827 2940 moratione,
842 2889 908 2925 nam
920 2872 951 2925 hi
964 2888 1067 2938 versus,

64 2946 96 2997 ut
120 2959 170 3012 per
195 2958 224 2995 se
250 2944 315 3010 apte
339 2945 404 3011 post
427 2947 477 2996 549
496 2943 575 3013 (Lm.)
601 2943 784 3009 collocantur,
807 2943 848 2995 ita
871 2944 1004 3013 separant!
1025 2958 1067 3009 ea,

65 3031 137 3082 quae
160 3013 285 3082 separari
307 3029 363 3066 non
386 3012 532 3067 debebant.
571 3012 625 3066 Sed
647 3029 703 3066 non
725 3013 796 3067 vidit
819 3011 908 3067 Giuss.
927 3012 974 3067 hio
992 3012 1068 3065 idem

65 3101 94 3138 se
113 3085 217 3151 facere,
237 3083 312 3151 quod
324 3100 369 3137 me
383 3082 533 3138 facientem
547 3083 658 3152 saepius
672 3083 846 3151 vituperavit.
861 3115 895 3124 -
910 3087 961 3137 525
976 3081 1065 3136 Giuss.

64 3148 106 3210 222
123 3157 212 3210 22222
230 3152 321 3224 (OQ),
340 3154 415 3221 quod
432 3156 546 3222 propter
563 3173 587 3209 v.
602 3159 653 3207 522
676 3154 753 3207 nullo
771 3153 854 3207 modo
876 3153 943 3207 ferri
964 3154 1065 3223 potest.

65 3225 114 3292 qui
137 3226 211 3279 enim
234 3241 267 3278 ca
290 3224 343 3292 vis,
367 3240 439 3291 quoe
458 3240 556 3294 eorpus
579 3224 710 3292 sustinet,
732 3240 789 3277 nou
807 3224 905 3277 cadem
923 3223 971 3292 sit,
995 3241 1067 3292 quae

64 3296 157 3350 tollit?
172 3329 204 3336 -
220 3299 360 3350 509-533
375 3337 415 3348 ...
431 3295 509 3365 (122.)
524 3296 615 3348 alieno
628 3296 690 3349 looo
703 3295 809 3363 positos
824 3295 995 3348 secluserunt
1007 3294 1065 3348 Lm.

64 3366 95 3418 B.
106 3365 165 3432 Mn,
179 3365 338 3435 transponit
349 3367 415 3434 post
428 3370 479 3419 563
494 3382 557 3418 cum
565 3365 644 3420 Bkm.
655 3367 684 3420 et
691 3382 800 3419 mecum
810 3364 898 3419 Giuss.
909 3396 943 3407 -
958 3371 1008 3420 532
1025 3409 1030 3419 .
1043 3407 1066 3419 ..

64 3436 175 3507 Munro]
199 3436 288 3491 Giuss.
316 3467 350 3477 -
378 3441 429 3488 541
452 3438 634 3507 summania]
658 3436 743 3490 etiam
765 3435 854 3490 Giuss.
883 3467 916 3477 -
945 3441 995 3489 551
1018 3437 1068 3490 siet

62 3508 110 3561 222
123 3523 226 3576 222222
243 3523 343 3567 caera:
361 3506 447 3560 etiam
466 3505 554 3560 Giuss.
568 3539 601 3546 —
616 3512 669 3561 554
685 3508 822 3562 22222222
839 3551 845 3562 .
862 3550 868 3560 .
885 3506 1082 3570 mesopontus&

113 3606 256 3647 Laenates.
272 3606 307 3648 ed
320 3606 454 3659 Brleger.
893 3595 934 3640 bl)
