2430 3878
103 192 219 248 XXVIII
465 192 747 250 PROLEGOIIIINA.

105 341 177 400 mihi
204 341 392 400 iudicandum
419 341 536 402 videtur
563 342 599 401 de
627 345 726 420 priore
754 344 1018 422 argumentatione,
1052 359 1109 419 qua

104 428 232 489 Helenae
256 437 372 507 raptum
394 428 562 507 bellumque
581 429 740 490 Troianum
763 448 823 491 non
845 449 899 509 per
922 449 954 490 se
973 448 1039 490 esse
1058 430 1108 489 de-

106 524 298 597 monstratur,
321 513 535 579 1458—464.
578 536 666 596 quam
693 521 757 578 sine
784 517 872 578 dubio
896 518 994 578 delere
1018 516 1110 577 voluit

106 612 207 685 poeta,
235 612 390 684 postquam
418 607 454 665 de
484 605 586 666 eadem
615 625 648 666 re
676 613 706 667 et
733 606 871 667 subtilius
894 613 924 666 et
946 605 1110 684 elegantius

107 693 181 753 dixit
203 695 246 753 eis
270 693 404 753 versibus
428 696 479 772 qui
503 701 674 772 sequuntur.
720 713 787 755 nam
810 703 843 754 ut
865 701 945 755 recte
970 694 1109 754 Stueren-

105 780 237 862 burgius,
260 782 296 841 de
321 800 409 841 earm.
432 781 549 843 Lueret.
572 782 589 842 l.
609 782 629 841 1.
653 782 805 861 disputans
828 786 860 843 in
883 790 938 843 act.
960 800 1018 842 soc.
1036 780 1108 860 phil.

106 868 185 948 Lips.
205 869 231 929 11
248 888 275 948 p.
291 867 355 930 392
366 888 438 950 sqq,
458 869 567 948 ahquid
589 873 734 931 interesse
753 871 838 931 docet
856 873 934 930 iuter
952 873 1110 948 utriusque

106 957 163 1018 loci
186 965 405 1038 argumentum,
429 960 469 1018 ita
492 965 562 1037 puto
585 958 713 1037 Epicuro
736 977 790 1037 pro
814 966 901 1037 captu
924 961 997 1039 eius,
1020 976 1109 1036 Qum

106 1048 253 1126 novimus,
280 1064 340 1106 non
368 1053 481 1106 tantum
508 1049 640 1124 potuisse
668 1049 812 1106 iuteresse
840 1047 933 1107 videri
955 1049 1033 1106 inter
1055 1046 1109 1105 has

106 1134 179 1194 duas
202 1137 480 1214 argumentationes,
502 1143 536 1194 ut
558 1141 711 1213 utramque
735 1135 903 1216 explicaret,
926 1134 977 1194 sed
999 1133 1109 1194 Lucre-

106 1225 180 1282 tium
198 1222 246 1281 bis
264 1222 429 1300 periculum
448 1223 554 1282 fecisse
573 1222 705 1283 eiusdem
723 1225 768 1282 rei
782 1223 977 1301 explicandae.
1010 1225 1110 1299 itaque

106 1329 149 1370 vv.
158 1306 336 1372 458—464
349 1328 408 1370 non
422 1319 489 1389 post
497 1307 672 1373 465-476
688 1310 797 1370 colloco
812 1311 863 1371 sed
879 1311 1006 1371 secludo.
1029 1310 1109 1369 idem

106 1401 243 1459 existimo
266 1398 373 1458 factum
398 1417 463 1458 esse
487 1401 518 1458 in
541 1401 584 1458 eis
603 1397 746 1476 loeis'qui
764 1407 833 1458 sunt
851 1394 1112 1459 111101-1139

107 1495 137 1546 et
165 1482 403 1566 1142-1145,
436 1486 472 1546 de
500 1486 608 1564 quibus
635 1504 660 1545 v.
689 1486 769 1567 inlr,
802 1493 831 1546 et
862 1489 893 1546 in
919 1487 966 1546 his
994 1485 1110 1546 duobus

107 1574 176 1635 libri
199 1575 280 1633 tertii
302 1573 384 1654 locis,
408 1576 459 1652 qui
482 1582 550 1634 sunt
572 1571 745 1636 463-471
771 1581 800 1634 et
821 1570 1010 1654 488—503,
1036 1591 1110 1651 quo-

107 1681 173 1723 rum
201 1661 291 1721 altero
319 1664 434 1721 enimus
457 1669 490 1722 ut
512 1664 551 1721 sit
572 1661 705 1722 mortalis
728 1662 797 1721 inde
821 1665 906 1740 sequi
928 1662 1110 1721 demonstrat

106 1757 202 1831 poeta,
226 1749 303 1828 quod
326 1752 460 1828 corporis
482 1748 653 1810 morborum
676 1752 819 1827 contagiis
841 1750 991 1830 turbetur,
1016 1749 1110 1809 altero

107 1840 186 1898 idem
213 1840 254 1897 ita
281 1837 378 1917 docet,
408 1844 442 1897 ut
464 1836 494 1896 id
517 1840 549 1897 in
571 1837 712 1898 comitiali
735 1838 838 1898 morbo
861 1839 927 1897 lieri
949 1838 1109 1897 videamus.

107 1926 187 1987 nullo
211 1927 290 1986 enim
308 1924 394 1984 modo
421 1925 542 1986 credere
564 1944 685 2004 possum
708 1933 833 2006 poetam,
855 1934 1011 2004 postquam
1033 1925 1110 1986 hanc

107 2017 196 2075 unius
218 2016 345 2091 insignis
367 2013 463 2073 morbi
486 2016 570 2092 quasi
591 2016 738 2092 picturam
760 2013 892 2094 absolvit,
919 2016 1007 2074 etiam
1029 2013 1111 2073 hunc

106 2105 237 2182 priorem
259 2101 356 2161 locum
374 2101 466 2161 multo
484 2104 583 2161 minus
601 2101 783 2162 elaboratum
801 2101 859 2180 legi
877 2101 1014 2162 voluisse.
1051 2104 1109 2161 iam

107 2191 195 2251 huius
218 2189 276 2250 loci
299 2197 505 2268 argumentum
528 2207 595 2250 cum
618 2208 654 2249 ex
676 2197 759 2268 parte
778 2197 857 2250 certe
876 2190 955 2249 idem
974 2192 1013 2249 sit
1030 2190 1110 2267 quod

107 2296 245 2339 versuum
264 2275 448 2358 590-604,
471 2277 669 2356 quaerendum
691 2278 807 2337 videtur
824 2280 976 2356 possintne
995 2277 1027 2337 hi
1044 2296 1109 2338 ver-

107 2385 171 2447 sus,
203 2384 277 2445 quos
307 2365 343 2426 ab
373 2384 407 2426 eo
437 2364 488 2425 ubi
516 2372 616 2425 extant
645 2368 677 2425 in
706 2365 790 2426 libris
817 2364 881 2426 loco
909 2364 1020 2425 alienos
1043 2383 1111 2426 esse

106 2454 207 2534 plures
236 2457 294 2515 iam
324 2455 378 2513 rIri
406 2453 485 2513 docti
511 2453 660 2533 viderunt,
687 2455 728 2513 ita
750 2455 886 2533 retineri,
908 2460 942 2513 ut
965 2453 1055 2513 alium
1077 2455 1109 2513 in

107 2542 204 2603 locum
245 2541 467 2601 transferantur.
529 2548 559 2601 et
593 2541 744 2601 transtulit
780 2541 926 2601 Christius
966 2541 1111 2620 probante

107 2628 330 2690 bockemrillero
354 2636 384 2688 et
403 2628 589 2709 Susemihlio,
611 2629 710 2708 philol.
729 2628 831 2688 XXVll
845 2625 897 2709 45,
920 2637 987 2708 post
1004 2648 1029 2688 v.
1044 2625 1108 2691 577

108 2712 188 2801 (579
209 2710 300 2800 Lm),
323 2734 383 2776 non
404 2735 527 2795 prorsus
549 2719 648 2796 inepte
672 2716 715 2777 illi
739 2718 870 2797 quidem,
892 2735 989 2795 neque
1011 2724 1110 2778 tamen

107 2809 179 2866 satis
201 2814 277 2885 apte,
300 2807 412 2884 opinor.
449 2807 547 2883 itaque
571 2823 624 2865 suo
647 2806 710 2866 loco
735 2812 866 2866 retentos
889 2805 1006 2866 seclusi.
1042 2823 1110 2883 per-

108 2912 228 2954 suasum
250 2893 343 2953 habeo
366 2900 492 2973 poetam,
516 2894 542 2952 si
561 2911 634 2972 opus
653 2894 797 2972 perficere
815 2893 957 2974 licuisset,
981 2911 1031 2953 eos
1050 2911 1110 2955 non

108 2982 227 3061 quidem
255 2983 418 3041 eiecturum
442 2981 548 3061 luisse,
578 2981 629 3042 sed
652 2989 750 3041 tamen
773 2989 967 3061 mutaturum,
994 3000 1031 3041 ne
1054 2981 1111 3041 hoo

107 3069 186 3148 quod
210 3070 281 3129 dicit
302 3066 377 3148 fines
399 3067 473 3130 dum
496 3067 576 3130 ultae
597 3068 724 3130 oerto'twr
743 3067 837 3145 iuba,
856 3071 964 3148 quippe
983 3069 1062 3147 quod
1079 3071 1111 3128 in

107 3157 172 3218 aliis
204 3176 320 3236 quoque
351 3156 652 3236 argumentationibus
682 3156 805 3238 valeret,
840 3160 1026 3218 retineretur.
1079 3160 1110 3217 in

108 3246 211 3306 eodem
238 3245 314 3305 libro
343 3241 656 3307 curvv.189—195
680 3244 862 3326 secluserim,
889 3245 966 3304 infra
988 3244 1111 3305 videbis.

107 3337 181 3393 mire
212 3352 246 3394 ea
276 3352 350 3412 quae
381 3332 473 3393 semel
503 3333 627 3392 dicenda
656 3340 741 3393 erant
769 3333 816 3393 bis
847 3333 985 3393 dicuntur
1014 3335 1046 3392 in
1077 3351 1112 3392 ea

106 3421 175 3481 libri
199 3421 235 3481 lV
257 3429 349 3501 parte,
373 3439 448 3499 quae
471 3427 517 3481 est
540 3420 576 3480 de
595 3421 821 3481 simulacrorum
839 3424 870 3481 in
889 3422 1012 3481 somniis
1029 3427 1112 3481 motu

97 3513 156 3583 qui
178 3509 302 3590 ridetur,
327 3517 357 3570 et
378 3511 410 3569 in
435 3527 477 3590 ea,
501 3526 575 3586 quae
599 3516 644 3569 est
667 3509 703 3569 de
725 3509 825 3569 lurore
845 3512 1014 3570 amantium.
1052 3511 1112 3569 sia
