2430 3878
579 227 605 282 Π

156 393 195 435 ne
218 393 267 434 res
290 374 326 435 ad
349 374 443 435 nilum
467 375 638 454 redigantur
660 375 792 436 funditus
820 393 934 436 omnes:

79 481 138 530 750
157 481 226 523 nam
249 462 455 542 quodcumque
479 465 541 524 suis
564 471 708 524 mutatum
731 462 839 524 finibus
862 465 935 543 exit,

157 554 297 612 contiuuo
320 551 376 611 boc
401 569 482 612 mors
506 559 552 612 est
574 551 654 612 illius
678 551 756 630 quod
779 551 834 612 fuit
857 560 932 611 ante.

80 656 141 708 755
155 640 279 719 proinde
303 638 401 699 colore
425 658 493 700 cave
517 643 670 719 contingas
693 642 805 700 semina
828 658 941 720 rerum,
1053 651 1092 694 rso

157 747 194 788 ne
218 727 273 788 tibi
295 746 344 788 res
367 727 490 788 redeant
512 728 548 788 ad
571 727 664 789 nilum
687 729 819 789 funditus
842 746 952 788 omnes,

202 816 357 876 Praeterea
380 818 407 875 si
430 815 509 877 nulla
533 816 639 877 coloris
661 818 817 896 principiis
841 824 886 876 est

84 920 138 971 756
157 905 272 965 reddita
295 910 400 964 natura
423 911 453 964 et
474 906 563 964 variis
587 911 656 965 sunt
677 905 810 984 praedita
832 905 949 984 formio,

158 992 305 1072 equibus
330 1010 415 1052 omne
439 1011 532 1070 genus
555 995 680 1071 gignunt
701 995 872 1071 variantque
896 991 1010 1052 colores

84 1095 143 1146 760
156 1089 326 1160 propterea,
349 1083 447 1159 magni
471 1080 549 1159 quod
572 1082 664 1142 relert
687 1083 797 1141 semina
822 1099 954 1160 quaeque
1054 1093 1092 1133 ⁷6⁰

158 1187 226 1229 cum
249 1169 356 1248 quibus
380 1175 410 1228 et
433 1169 512 1247 quali
534 1172 665 1247 positura
689 1171 895 1229 contineantur

159 1264 188 1316 et
210 1275 284 1336 quos
307 1259 386 1317 inter
409 1275 441 1316 se
465 1257 535 1317 dent
557 1264 655 1317 motus
679 1259 894 1337 accipiantque,

86 1360 139 1409 760
158 1345 297 1423 perfacile
321 1344 467 1423 extemplo
490 1347 635 1405 rationem
657 1345 782 1406 reddere
805 1348 916 1426 possis,

158 1451 212 1494 cur
235 1451 269 1493 ea
293 1451 367 1512 quae
390 1435 475 1511 nigro
499 1434 609 1494 luerint
630 1432 717 1512 paulo
741 1441 807 1494 ante
830 1433 941 1514 colore,

85 1537 142 1588 765
158 1539 323 1581 marmoreo
347 1522 412 1581 lieri
435 1524 552 1600 possint
574 1522 699 1582 candore
723 1529 857 1603 repente3
1054 1533 1092 1574 ⁷⁶5

159 1616 193 1670 ut
213 1628 308 1690 mare,
332 1626 399 1669 cum
422 1612 521 1688 magni
543 1617 729 1671 commorunt
751 1629 878 1688 aequora
902 1612 993 1691 venti,

158 1700 283 1758 vertitur
305 1700 337 1757 in
360 1716 450 1757 canos
473 1698 610 1759 candenti
632 1717 777 1759 marmore
801 1699 921 1759 fluctus:

87 1801 140 1852 ros
159 1785 258 1846 dicere
281 1788 361 1845 enim
383 1789 494 1866 possis,
517 1789 635 1864 nigrum
658 1786 736 1866 quod
760 1805 846 1865 saepe
868 1786 1015 1868 videmus,

158 1875 297 1934 materies
320 1873 372 1934 ubi
393 1877 538 1953 permixta
561 1881 607 1935 est
629 1874 708 1936 illius
732 1883 761 1934 et
784 1875 856 1935 ordo

86 1978 144 2030 770
157 1963 312 2041 principiis
335 1968 464 2022 mutatus
487 1971 517 2022 et
539 1962 636 2023 addita
659 1963 834 2042 demptaque
859 1961 1015 2042 quaedam,
1053 1973 1093 2014 ⁷⁷0

158 2052 297 2110 continuo
320 2049 351 2109 id
374 2049 440 2109 tieri
462 2059 496 2111 ut
518 2050 646 2111 candens
669 2051 802 2111 videatur
825 2057 855 2110 et
878 2049 983 2110 album.

159 2137 236 2217 quod
260 2141 286 2197 si
308 2137 452 2198 caeruleis
475 2145 644 2199 constarent
667 2156 793 2217 aequora
816 2141 900 2217 ponti

86 2241 140 2293 770
159 2224 336 2306 seminibus,
358 2225 438 2286 nullo
461 2233 584 2305 possent
605 2225 755 2287 albescere
777 2232 876 2305 pacto:

159 2331 228 2374 nam
251 2330 436 2393 quocumque
459 2313 546 2374 modo
569 2313 725 2393 perturbes
748 2313 864 2374 caerula
888 2331 962 2392 quae
985 2314 1057 2392 sint,

85 2418 143 2470 775
159 2419 320 2481 numquam
343 2404 374 2461 in
396 2420 594 2464 marmoreum
614 2409 738 2482 possunt
757 2405 884 2480 migrare
903 2400 1094 2462 coloremus

159 2493 206 2550 sin
230 2490 286 2549 alio
309 2496 396 2569 atque
420 2490 477 2550 alio
500 2498 569 2552 sunt
592 2493 704 2552 semina
727 2493 818 2552 tincta
841 2490 951 2571 colore,

160 2596 235 2658 quae
258 2580 349 2638 maris
372 2579 505 2639 efficiunt
526 2597 618 2640 unrrm
640 2597 807 2659 purumque
830 2582 968 2660 nitorem,

87 2680 140 2731 775
158 2673 193 2727 ut
214 2684 302 2745 saepe
326 2684 362 2727 ex
385 2666 449 2726 aliis
472 2667 576 2727 formis
598 2669 745 2747 variisque
769 2669 872 2746 figuris

159 2754 288 2814 efficitur
310 2755 449 2834 quiddam
472 2755 646 2833 quadratum
669 2774 785 2835 unaque
809 2757 916 2835 ligura,

85 2857 146 2909 780
159 2841 364 2923 conveniebat,
386 2851 420 2902 ut
442 2845 473 2902 in
497 2844 638 2922 quadrato
661 2847 810 2905 cernimus
835 2862 900 2903 esse
1054 2856 1094 2896 ⁷8⁰

160 2930 319 2991 dissimiles
342 2931 463 3011 formas,
486 2933 527 2992 ita
550 2950 672 2993 cernere
695 2935 726 2992 in
749 2950 876 3010 aequore
898 2932 981 3009 ponti

159 3025 210 3079 aut
232 3018 288 3078 alio
311 3021 343 3078 in
367 3021 469 3097 quovis
492 3038 551 3080 uno
574 3039 708 3099 puroque
731 3023 827 3080 nitore

87 3120 141 3170 ‘180
159 3106 319 3167 dissimiles
342 3106 427 3184 longe
450 3110 528 3167 inter
551 3126 583 3169 se
606 3110 761 3187 variosque
785 3107 906 3168 colores.

158 3202 312 3275 praeterea
333 3194 376 3254 nil
399 3191 532 3255 officiunt
555 3195 730 3275 obstantque
754 3197 864 3274 figurae

86 3297 144 3351 785
157 3282 331 3363 dissimiles,
355 3301 414 3362 quo
437 3283 612 3361 quadratum
633 3287 732 3344 miuus
756 3302 841 3344 omne
865 3285 905 3343 sit
927 3290 1023 3363 extra,
1055 3295 1098 3336 1⁸⁵

159 3376 189 3430 at
210 3373 284 3431 varii
305 3389 407 3431 rerum
429 3371 586 3450 inpediunt
607 3371 824 3452 prohibentque
848 3370 977 3453 colores,

158 3477 217 3538 quo
240 3461 339 3520 minus
362 3477 428 3520 esse
453 3477 511 3519 uno
534 3462 630 3539 possit
652 3479 700 3521 res
723 3468 785 3522 tota
807 3463 913 3522 nitore.

587 3567 607 3611 ἡ
