2430 3878
465 201 747 260 PROLEGOMENA.
1041 205 1114 259 XLV

97 348 241 412 mmor
258 368 275 407 *
293 346 432 411 sensibus
454 366 516 411 esse
535 348 655 431 dotum,
678 350 748 411 ibid.
773 352 834 411 dixi
856 370 944 430 posse
968 352 1113 413 excidisse

98 437 242 500 videmos
256 436 373 517 <ventis
386 436 509 516 differri
521 436 643 516 rapidis
656 437 826 518 nostrisque
834 438 967 518 veneno>
976 439 1114 502 sensibus

99 544 167 589 esse
189 524 304 607 dolorm
327 526 363 586 de
386 526 442 586 hoo
465 525 572 588 dotum
594 535 694 587 tamen
713 527 895 589 addubitans.
918 562 956 571 -
975 527 1113 590 sensibus

99 613 243 677 sedatum
261 614 318 685 OQ.
341 617 519 676 ammonui
538 612 678 692 mosidi,
700 615 880 678 satirarum
897 615 958 677 Lm.
977 615 1113 678 videmos

100 700 202 765 neatis
229 719 291 765 esse
316 701 423 764 dotum
449 702 481 763 Β.
509 737 551 746 -
579 711 646 763 ante
674 723 699 763 v.
727 701 791 766 478
819 706 903 784 plura
931 706 1113 786 exciderunt,

103 792 134 852 id
159 790 239 870 quod
258 791 330 852 illud
347 808 473 852 marsum
491 811 516 851 v.
534 789 599 853 481
620 792 756 852 declarat.
799 793 939 854 docuerat
956 794 1005 854 hie
1026 801 1113 872 poeta

103 898 166 940 non
193 878 375 959 quantalibet
401 880 603 956 magnitudine
631 888 744 940 atomos
768 899 833 941 esse
856 900 957 961 posse,
986 882 1021 941 oi.
1046 900 1112 942 ann.

103 967 221 1029 Lucret.
251 965 336 1030 1879
363 987 391 1047 p.
415 964 487 1029 202.
512 1001 555 1011 -
577 965 643 1030 483
742 966 777 1029 in
799 968 904 1030 eodem
924 987 990 1031 uno
1012 967 1113 1031 euius-

102 1054 151 1118 vis
183 1057 272 1118 iam
302 1053 457 1135 brevitate,
489 1075 554 1116 ann.
587 1056 687 1135 philol.
717 1054 802 1119 1875
829 1077 856 1136 p.
880 1056 1037 1136 629sqq.:

102 1142 240 1206 cuiusvis
261 1142 298 1204 in
319 1141 461 1205 mamiato
479 1143 537 1215 OQ.
561 1143 666 1206 eodem
687 1143 782 1206 unios
805 1143 939 1207 cuiusvis
960 1144 996 1206 in
1018 1143 1113 1207 brevi

103 1235 167 1294 tole
183 1232 245 1292 Lm.
264 1232 295 1292 Β.
317 1229 354 1292 in
373 1230 482 1308 eodem,
504 1250 571 1294 omo
593 1281 644 1293 ...
666 1231 702 1294 iri
721 1231 871 1309 brevitate,
894 1234 946 1294 Mr.
965 1253 1112 1313 perverse.

104 1355 149 1364 -
163 1316 228 1382 499
239 1340 255 1377 u
265 1317 439 1381 500-501
454 1321 590 1398 infecto
598 1321 694 1381 ka.
704 1321 785 1382 Bkm.
799 1324 873 1383 teoto
887 1322 946 1393 00.
960 1321 1112 1385 meldim.

104 1409 137 1468 B.
161 1408 214 1468 ΜΓ.
237 1441 280 1452 -
303 1405 367 1470 517
397 1409 519 1470 monis
545 1407 627 1470 enim
649 1407 733 1471 color
755 1457 762 1470 .
782 1458 788 1470 .
808 1458 814 1470 .
838 1409 897 1481 00.
925 1411 1021 1470 Purm.
1046 1429 1112 1471 ann.

104 1496 207 1576 philol.
221 1495 320 1556 LXVll
333 1515 361 1575 p.
376 1494 449 1559 673.
469 1497 582 1557 Susem.
596 1498 696 1576 philol.
710 1498 800 1558 XXIV
813 1495 891 1561 448:
906 1496 1003 1559 ambit
1010 1498 1071 1559 Lm.
1080 1499 1111 1559 B.

106 1618 150 1628 —
169 1581 233 1646 518
254 1582 478 1662 interutrosque
499 1586 535 1645 ol.
554 1604 582 1664 p.
597 1585 693 1646 XXIV.
713 1620 755 1629 -
774 1584 839 1650 528
859 1606 876 1644 r
894 1583 959 1648 529
977 1586 1113 1649 versibus

103 1673 248 1753 osimdi3
261 1675 292 1732 in
307 1691 342 1732 eo
355 1691 443 1732 versu
457 1676 508 1751 qui
517 1676 614 1755 periit,
686 1693 755 1736 eum
769 1678 912 1755 seriptum
926 1677 1017 1736 fuisse
1027 1685 1112 1754 puto:

98 1758 245 1841 probooi,
272 1777 341 1822 otim
455 1759 583 1837 ostendi,
616 1763 651 1823 of.
679 1763 692 1822 l
720 1760 951 1826 loos-1045:
978 1761 1113 1825 versibus

104 1847 263 1911 osmndom
283 1848 340 1919 00.
358 1847 503 1927 protinus
521 1848 677 1911 ostendum
695 1850 756 1911 Lm.
771 1872 787 1908 a
803 1848 940 1914 versibus
957 1851 1113 1913 ostendam

105 1938 140 1998 Β.
163 1937 339 2017 prudentius
362 1937 424 2018 Mn,
448 1941 500 2016 qui
522 1957 589 1998 eum
610 1939 723 1999 videret
743 1939 774 1999 id
793 1942 824 2000 in
847 1943 891 2000 eis
915 1959 988 2018 quae
1008 1959 1112 2019 seque-

106 2033 213 2086 rentur
247 2044 433 2104 nequaquam
469 2027 586 2087 ostendi
622 2046 696 2105 quae
728 2028 790 2087 lore
823 2036 855 2088 ut
887 2028 1113 2089 ostenderentur

105 2114 285 2194 legeremus,
321 2112 478 2176 ostendens
514 2117 645 2194 scripsit,
681 2134 785 2193 parum
821 2123 919 2176 tamen
956 2116 1112 2193 eleganter.

106 2235 152 2245 —
169 2198 233 2263 547
256 2205 435 2264 sumantur
456 2204 519 2264 aeti
537 2203 645 2283 ka.;
667 2203 773 2280 probat
791 2202 965 2263 Giussanus:
988 2216 1114 2265 sirmam

104 2285 188 2351 oculi
209 2289 268 2361 00.
294 2289 324 2351 si
350 2288 531 2352 monticolae
558 2289 619 2350 Lm.
643 2289 674 2350 Β.
701 2307 824 2351 sumum
850 2289 904 2352 hoe
930 2308 1045 2369 quoqne
1066 2289 1114 2352 nti

105 2378 160 2438 ΜΓ.
184 2410 227 2420 -
250 2374 315 2439 580
335 2375 478 2456 ploratus
503 2377 611 2439 mortis
633 2377 754 2440 comites
775 2378 828 2438 tir.
845 2376 1000 2458 ploratus,
1027 2396 1067 2439 m.
1090 2397 1113 2441 e.

105 2465 203 2544 vulgo.
218 2499 260 2509 -
275 2463 338 2529 631
357 2464 508 2546 sanquine
526 2465 614 2529 laeti
631 2486 698 2527 eum
714 2467 835 2528 Marullo
855 2468 952 2528 scribo
971 2467 1113 2546 probante

104 2553 267 2614 Giussano:
284 2553 435 2633 sanquine
451 2553 516 2633 fleti
530 2554 589 2626 00.
603 2552 830 2635 saapotooteatt
843 2556 936 2617 Bentl.
947 2555 1008 2617 Lm.
1019 2556 1050 2616 Β.
1060 2557 1113 2617 Mr.

107 2675 150 2684 —
172 2639 246 2704 651.
270 2639 452 2705 655-660.
477 2641 540 2706 652
565 2647 682 2722 egregie
705 2644 818 2706 Munro.
842 2678 884 2687 —
908 2642 972 2707 673
996 2645 1116 2708 celani

104 2729 183 2790 Lm:
211 2729 376 2792 deduntur
402 2731 460 2802 00.
488 2728 615 2793 dodoni
638 2732 670 2793 Β.
698 2767 740 2776 -
768 2730 834 2796 680
864 2751 933 2794 oum
960 2731 1049 2794 odore
1079 2731 1115 2793 iii

100 2816 231 2898 primia,
261 2817 423 2898 pluraque
458 2818 540 2881 dono
576 2820 665 2881 Goeb.
702 2821 815 2881 observ.
852 2820 968 2881 Lueret.
1001 2840 1028 2899 p.
1060 2818 1114 2882 15:

105 2904 143 2967 in
158 2905 276 2985 primis
296 2905 445 2986 pleraque
467 2908 524 2979 OQ.
556 2907 591 2969 in
612 2907 716 2987 privis
743 2909 885 2988 pluraque
909 2909 971 2969 Lm.
994 2907 1030 2969 in
1046 2908 1115 2988 pri-

103 2992 180 3071 mis,
201 2992 350 3073 pleraque
371 2995 454 3058 dono
472 3016 488 3053 a
507 2996 538 3055 B.
558 3030 600 3040 -
624 2994 689 3059 684
705 2995 833 3076 primis
856 2995 981 3075 differre
1004 2995 1115 3077 piperis

106 3082 165 3153 00.
188 3082 242 3143 Mr.
271 3084 306 3143 oi.
334 3084 434 3163 philol.
457 3084 533 3144 XXV
556 3083 597 3146 67
623 3104 679 3164 sq.:
701 3083 804 3164 privis
827 3086 907 3146 Voss.
931 3086 992 3146 Lm.
1016 3085 1047 3146 B.
1071 3119 1115 3129 -

104 3169 171 3232 692
190 3167 285 3233 nulla
303 3170 360 3242 OQ.
379 3171 478 3232 Lamh.
500 3172 578 3232 Lotz.
597 3173 696 3252 philol.
714 3173 763 3232 VH
783 3172 854 3235 719.
893 3173 983 3234 Goeb.
1003 3182 1114 3253 quaest.
1149 3237 1153 3247 ,

104 3277 132 3337 p.
164 3256 213 3320 11.
264 3256 349 3321 nolli
380 3259 441 3320 Lm.
469 3259 500 3320 Β.
525 3259 709 3323 ...isdem
739 3261 809 3321 Pius
837 3261 926 3322 Goeb.
954 3262 1033 3322 Lotz.
1061 3262 1114 3322 Mr.

102 3345 186 3408 idem
209 3345 268 3417 00.
291 3347 353 3407 Lm.
376 3346 407 3407 B.
431 3381 475 3392 -
497 3346 561 3410 693
589 3351 735 3412 omtsiarii
755 3369 780 3410 v.
802 3354 837 3414 ad
852 3349 1114 3415 eat-695...

97 3433 290 3515 primordio,
313 3451 429 3498 eorum
451 3433 598 3498 dissimili
693 3454 829 3518 summm
852 3457 889 3498 ne
916 3441 982 3517 quis
1006 3441 1036 3498 in
1059 3439 1115 3499 hoo

101 3526 279 3603 pronomine
296 3527 394 3603 primo
414 3527 559 3586 enuntiati
577 3524 642 3586 looo
660 3529 759 3608 posito
778 3527 923 3607 otlendat²
936 3526 1024 3586 sill
1039 3525 1130 3584 sum.
