2430 3878
541 189 582 243 111

128 337 301 398 disiectatur
323 336 427 397 eodem
450 335 500 397 illo
524 336 664 397 distracta
687 354 808 397 veneno.

54 443 109 493 500
127 427 197 487 inde
220 424 273 486 ubi
294 427 353 485 iam
375 424 473 485 morbi
494 425 611 485 reflexit
633 443 733 505 causa,
756 423 891 503 reditque

128 517 160 575 in
183 512 311 575 latebras
334 530 402 573 acer
424 515 557 592 corrupti
580 515 713 592 corporis
736 530 835 594 umor,

128 611 192 664 tum
215 603 300 680 quasi
322 600 478 661 vaccillans
501 603 630 679 primum
653 604 804 680 consurgit
827 607 856 661 et
879 603 975 661 omnis

128 689 269 769 paulatim
291 690 369 749 redit
390 691 422 748 in
446 706 551 749 sensus
574 691 759 768 animamque
782 695 921 768 receptat.
1024 699 1065 743 sos

128 778 201 839 haec
225 779 315 855 igitur
336 779 426 838 tantis
449 776 502 836 nbi
524 777 636 837 morbis
659 795 782 855 corpore
806 779 837 837 in
860 779 925 856 ipso

56 881 110 932 505
129 868 276 927 iactentur
298 867 476 944 miserisque
498 864 595 925 modis
618 866 757 926 distracta
780 864 926 944 laborent,

129 972 184 1015 cur
206 954 309 1014 eadem
331 952 429 1014 credis
453 955 516 1014 sine
540 971 665 1032 corpore
687 955 719 1014 in
742 957 811 1014 aere
834 959 935 1031 aperto

130 1061 198 1104 cum
219 1041 323 1102 validis
345 1043 441 1102 ventis
466 1047 591 1102 aetatem
613 1041 721 1119 degere
743 1038 853 1120 posse?

130 1137 161 1191 et
183 1132 322 1209 quoniam
344 1137 474 1190 mentem
497 1131 606 1209 sanari,
631 1147 737 1207 corpus
760 1137 793 1189 ut
816 1146 949 1208 aegrum,
1025 1139 1065 1182 ⁶1⁰

69 1278 72 1283 ,
130 1221 279 1286 cernimus
303 1225 333 1278 et
354 1218 435 1279 flecti
457 1217 604 1277 medicina
625 1235 714 1294 posse
737 1217 884 1296 videmus,

56 1323 111 1373 510
129 1306 161 1367 id
184 1325 300 1386 quoque
323 1308 471 1384 praesagit
495 1304 647 1366 mortalem
669 1307 767 1364 vivere
790 1311 928 1364 mentem.

131 1394 239 1457 addere
262 1396 342 1454 enim
363 1395 456 1472 partis
480 1400 530 1453 aut
552 1393 656 1453 ordine
678 1395 821 1453 traiecere
845 1398 976 1453 aecumst

132 1489 182 1545 aut
204 1481 314 1561 aliquid
337 1500 459 1560 prosum
482 1481 518 1542 dc
542 1499 656 1541 summa
678 1480 833 1541 detrahere
856 1480 962 1560 hilum,

131 1577 311 1632 commutare
335 1572 465 1630 animum
489 1571 666 1648 quicumque
689 1569 820 1629 adoritur
844 1576 874 1628 et
895 1570 960 1629 infit
1024 1580 1064 1622 515

131 1666 182 1719 501
203 1657 290 1719 aliam
313 1659 445 1737 quamvis
468 1664 602 1717 naturam
625 1657 744 1717 flectere
769 1659 891 1735 quaerit.

57 1762 113 1813 515
131 1754 161 1807 51
183 1765 279 1825 neque
302 1746 459 1806 transferri
481 1745 538 1805 sihi
560 1747 652 1822 partis
676 1763 731 1805 nec
752 1745 846 1806 tribui
869 1743 930 1804 vult

131 1833 286 1894 inmortale
311 1835 389 1912 quod
413 1839 458 1894 est
481 1835 637 1911 quicquam
659 1851 755 1912 neque
778 1833 908 1893 defluere
931 1831 1036 1893 hilum:

132 1941 199 1982 nam
223 1922 427 2000 quodcumque
451 1923 513 1981 suis
535 1927 681 1982 mutatum
704 1921 812 1981 linibus
835 1924 908 2001 exit,

132 2013 271 2071 continuo
294 2009 350 2070 hoc
372 2028 453 2069 mors
476 2016 522 2069 est
544 2008 623 2068 illius
647 2010 725 2087 quod
748 2009 803 2069 luit
826 2015 900 2068 ante.
1025 2019 1065 2063 550

133 2116 202 2176 ergo
225 2101 341 2158 animus
363 2099 425 2158 sive
448 2099 604 2176 aegrescit,
626 2095 761 2156 mortalia
784 2100 867 2174 signa

59 2203 114 2254 520
132 2189 235 2266 mittit,
258 2188 302 2247 uti
324 2185 425 2266 docui,
448 2204 502 2245 seu
523 2184 653 2245 flectitur
675 2203 692 2245 5
714 2185 868 2244 medicina.

132 2292 227 2353 usque
250 2274 322 2334 adeo
346 2273 435 2334 151555
458 2275 566 2332 rationi
587 2290 656 2333 vera
679 2272 795 2332 videtur

133 2380 183 2422 res
206 2380 362 2422 occurrere
386 2369 416 2422 et
439 2361 578 2439 effugium
600 2359 791 2440 praecludere
814 2362 896 2420 eunti

132 2452 311 2529 ancipitique
334 2450 464 2511 refutatu
485 2451 660 2510 convincere
683 2448 796 2509 salsum.
1025 2459 1065 2501 555

177 2537 310 2617 Denique
333 2556 421 2616 saepe
443 2537 594 2597 hominem
616 2536 756 2616 paulatim
779 2538 928 2597 cernimus
951 2537 996 2596 ire

60 2641 114 2693 555
134 2633 164 2686 51
185 2626 370 2686 membratim
392 2625 511 2686 vitalem
533 2625 695 2704 deperdere
722 2643 854 2685 sensum:

132 2715 165 2774 in
187 2714 312 2793 pedibus
335 2716 463 2792 primum
487 2714 594 2792 digitos
617 2712 758 2774 livescere
782 2719 812 2773 51
833 2715 955 2793 unguis,

133 2801 202 2862 inde
224 2802 315 2880 pedes
339 2808 369 2862 et
391 2820 478 2863 crura
500 2804 589 2881 mori,
611 2808 679 2879 post
701 2801 770 2862 inde
792 2819 846 2879 per
869 2808 950 2861 artus
1040 2828 1055 2849 s

133 2892 178 2950 ire
201 2889 273 2950 alios
295 2892 413 2950 tractim
436 2889 525 2968 gelidi
546 2891 669 2968 vestigia
692 2889 757 2970 leti3
1026 2901 1066 2942 550

133 2976 280 3038 scinditur
302 2980 384 3057 atqui
406 2980 519 3038 animae
543 2980 682 3057 quoniam
705 2984 808 3038 natura
831 2994 886 3036 nec
908 2994 968 3036 uno

59 3080 114 3132 530
132 3072 266 3145 tempore
289 3068 404 3127 sincera
427 3068 540 3146 existit,
563 3065 695 3127 mortalis
717 3064 887 3126 habendast.

134 3154 212 3233 quod
235 3156 262 3214 si
284 3155 358 3214 10515
381 3161 467 3233 putas
489 3157 584 3232 ipsam
607 3173 639 3214 se
662 3171 750 3232 posse
773 3171 827 3232 per
849 3158 930 3212 artus

132 3245 279 3303 introsum
301 3242 418 3303 trahere
442 3250 472 3303 et
493 3245 586 3321 partis
610 3242 775 3302 conducere
798 3243 830 3300 in
853 3259 944 3301 unum

132 3338 219 3410 atque
242 3331 308 3390 ideo
333 3333 447 3391 cunctis
471 3348 591 3391 sensum
614 3329 760 3390 deducere
783 3328 938 3409 memhris,
1028 3339 1066 3380 555

133 3426 163 3478 51
184 3418 267 3479 10005
290 3417 338 3478 ille
362 3427 472 3498 tamen,
496 3437 554 3497 quo
577 3420 661 3496 copia
683 3425 764 3478 tanta
788 3419 895 3477 animai

59 3523 112 3574 505
132 3508 260 3589 cogitur,
283 3507 315 3567 in
338 3525 428 3568 sensu
450 3506 538 3568 debet
560 3509 672 3568 maiore
694 3505 806 3588 videri·²
