2430 3878
152 185 195 250 78
636 185 676 239 ΠΙ

224 350 310 411 saepe
333 334 462 393 animus:
487 332 630 392 dementit
652 335 732 393 enim
755 331 906 410 deliraque
930 332 1025 413 latur,

152 438 205 488 455
225 420 432 499 interdumque
455 423 537 498 gravi
559 420 690 498 lethargo
714 421 809 481 lemur
831 421 864 480 in
886 419 978 481 altum

223 515 434 587 aeternumque
458 526 594 587 soporem
617 508 711 569 oculis
734 515 867 586 nutuque
891 508 1025 590 cadenti3

223 597 300 658 unde
324 615 420 676 neque
443 597 562 657 exaudit
584 615 671 657 voces
693 614 749 656 nec
771 614 895 657 noscere
918 596 1016 658 voltus

223 686 340 746 illomm
363 687 442 764 potis
465 691 524 764 est,
546 684 583 745 ad
605 687 694 744 vitam
718 687 770 763 qui
792 691 964 746 revocantes

223 775 335 835 circum
358 778 437 833 stant
458 771 589 833 lacrimis
612 779 747 833 rorantes
769 790 821 833 ora
841 789 999 851 genasque.

151 879 204 928 tro
223 879 314 941 quare
336 863 468 922 animum
491 879 607 940 quoquc
631 861 755 922 dissolui
778 862 886 921 fateare
909 872 1079 942 necessest,

223 949 461 1029 quandoquidem
483 956 639 1028 penetrant
662 951 692 1008 in
717 967 784 1010 eum
808 951 941 1028 contagia
963 948 1073 1011 morbi.
1092 950 1104 1029 l

221 1057 290 1100 nam
312 1037 396 1098 dolor
419 1056 453 1097 ac
475 1036 596 1098 morbus
619 1037 671 1098 leti
694 1036 852 1098 fabricator
874 1044 1042 1118 uterquest3

221 1125 382 1187 multomm
405 1128 494 1186 exitio
517 1126 652 1204 perdocti
675 1125 753 1204 quod
777 1144 879 1185 sumus
902 1131 977 1186 ante.
1123 1141 1163 1181 ors

223 1215 350 1293 denique
374 1232 440 1294 cur,
462 1213 612 1274 homiuem
636 1232 702 1273 cum
723 1215 785 1273 vini
807 1216 852 1274 ris
873 1215 1040 1292 penetravit
1123 1228 1163 1268 uc

151 1319 204 1369 455
224 1306 301 1364 acris
324 1309 353 1363 et
377 1305 408 1362 in
430 1320 519 1363 renas
542 1301 682 1384 discessit
703 1301 813 1362 diditus
837 1301 937 1382 ardor,

222 1393 413 1470 consequitur
435 1392 562 1469 gravitas
585 1389 798 1470 membromm,
820 1389 1055 1468 praepediuntur

222 1497 309 1540 crura
331 1477 492 1558 vacillanti,
514 1478 656 1539 tardescit
679 1477 791 1558 lingua,
814 1478 913 1538 madet
934 1495 1034 1557 mens,

222 1574 293 1628 nant
315 1565 406 1645 oculi,
430 1565 540 1626 clamor
563 1566 708 1644 singultus
731 1569 826 1644 iurgia
848 1565 989 1645 gliscunt,
1120 1581 1161 1621 reo

222 1661 253 1715 et
274 1657 334 1714 iam
357 1660 454 1714 cetera
477 1653 513 1714 de
537 1672 645 1732 genere
667 1653 724 1715 boc
747 1672 950 1733 quaecumque
973 1661 1131 1735 secuntur,

152 1758 204 1809 480
222 1761 276 1804 cur
299 1760 332 1802 ea
356 1748 437 1821 sunt,
460 1744 519 1801 nisi
542 1743 620 1820 quod
642 1760 762 1803 remens
786 1743 923 1803 violentia
945 1744 1008 1802 vini

223 1828 399 1891 conturbare
423 1833 550 1890 animam
573 1833 725 1891 consuevit
747 1849 870 1909 corpore
894 1833 925 1890 in
948 1827 1036 1908 ipso?

222 1927 252 1979 at
275 1935 478 1996 quaecumque
501 1925 614 1996 queunt
636 1917 806 1979 conturbari
828 1920 917 1997 inque
940 1918 1052 2000 pediri,

222 2007 399 2086 significant,
422 2006 508 2084 paulo
532 2009 558 2065 si
581 2007 684 2066 durior
706 2009 864 2067 insinuarit
1118 2020 1158 2062 tes

223 2113 323 2175 causa,
346 2095 409 2155 lore
433 2102 466 2154 ut
487 2101 610 2172 pereant
633 2112 702 2154 aero
725 2097 838 2174 privata
862 2095 969 2155 luturo.

152 2198 203 2248 485
222 2186 294 2262 quin
316 2185 405 2244 etiam
428 2182 526 2243 subito
547 2185 577 2241 vi
599 2182 696 2242 morbi
719 2200 806 2261 saepe
829 2191 947 2244 coactus

221 2278 288 2332 ante
312 2270 412 2331 oculos
434 2270 541 2350 aliquis
564 2277 695 2350 nostros,
717 2278 751 2330 ut
773 2270 905 2331 fulminis
928 2272 1003 2351 ictu,

222 2359 351 2419 concidit
374 2365 404 2419 et
427 2377 545 2438 spumas
568 2361 640 2438 agit,
662 2361 786 2436 ingemit
809 2365 839 2419 et
860 2361 962 2419 tremit
984 2366 1083 2441 artus,

222 2447 343 2526 desipit,
366 2453 497 2507 extentat
520 2464 639 2526 nervos,
662 2453 831 2527 torquetur,
854 2439 972 2507 anbelat'
1118 2461 1160 2502 oo

222 2536 437 2613 inconstanter,
460 2542 490 2594 et
511 2537 543 2594 in
565 2534 698 2594 iactando
721 2535 853 2595 membra
876 2535 985 2614 fatigat

150 2638 204 2687 490
222 2623 376 2701 nimirum,
400 2624 468 2699 quia
491 2624 519 2681 vi
541 2622 638 2682 morbi
661 2622 800 2682 distracta
821 2641 875 2702 per
897 2630 979 2683 artus

645 2728 663 2765 1Ιί

221 2797 321 2858 turbat
343 2815 432 2875 agens
456 2799 596 2877 animam,
619 2817 758 2876 spumans
780 2802 817 2860 ut
837 2802 868 2859 in
892 2816 1020 2878 aequore
1044 2800 1123 2861 salso

220 2894 376 2946 ventorum
398 2884 503 2945 validis
526 2886 693 2947 fervescunt
716 2887 828 2947 viribus
850 2889 954 2948 undae.

221 2976 396 3052 exprimitur
418 2991 507 3052 porro
530 2977 671 3054 gemitus,
694 2977 762 3053 quia
784 2975 915 3036 membra
940 2975 1040 3037 dolore
1118 2989 1159 3032 sot

221 3062 410 3141 adliciuntur,
434 3068 463 3122 et
485 3064 604 3121 omnino
628 3062 705 3141 quod
730 3066 842 3124 semina
863 3066 944 3124 vocis

150 3165 202 3213 495
222 3152 370 3210 eiciuntur
394 3157 423 3210 et
446 3167 497 3210 ore
520 3150 598 3211 foras
621 3149 780 3229 glomerata
803 3152 940 3213 feruntur

222 3255 279 3316 qua
303 3239 387 3316 quasi
410 3245 591 3298 consuerunt
613 3246 643 3298 et
666 3248 735 3300 sunt
757 3242 869 3300 munita
891 3242 957 3301 viai.

224 3325 398 3403 desipientia
421 3326 466 3405 lit,
489 3328 557 3403 quia
580 3328 624 3385 vis
647 3329 737 3387 animi
760 3336 847 3407 atque
871 3331 980 3388 animai

224 3413 416 3474 conturbatur
439 3421 480 3492 et,
503 3420 536 3473 ut
559 3413 658 3494 docui,
681 3415 774 3476 divisa
797 3434 931 3477 seorsum
1118 3431 1160 3473 ooo

474 3497 568 3582 [474]
584 3530 624 3552 =
639 3499 714 3565 sto.
735 3501 838 3582 rarsi.
