2430 3878
567 153 594 206 11

142 299 308 380 mmalique
332 307 419 379 caput
443 318 590 361 summum
613 303 733 362 cinxere
757 320 878 383 corona,

144 391 262 450 eximiis
284 392 398 450 munita
414 388 493 449 loeis
518 391 586 468 quia
609 392 737 450 sustinet
758 389 857 451 urbes.

144 496 204 556 quo
227 496 305 538 nuno
328 479 439 556 insigni
461 495 515 555 per
537 496 657 556 magnas
678 477 811 557 praedita
833 485 929 539 terras

143 566 282 626 horrifice
305 566 399 626 fertur
422 565 537 625 divinae
560 568 663 626 matris
686 569 790 646 imago.

62 672 124 722 610
144 654 221 714 hanc
243 656 340 714 variae
364 661 466 731 gentes
490 656 610 733 antiquo
633 672 715 715 more
739 672 890 716 sacrorum

144 741 261 802 Idaeam
282 743 412 802 vocitant
434 748 572 822 matrem,
595 742 792 822 Phrygiasque
816 750 947 804 catervas

146 830 216 891 dant
239 832 375 910 comites,
399 831 467 908 quia
490 832 618 908 primum
642 849 678 891 ex
701 829 760 891 illis
783 831 892 892 linibus
916 831 1006 892 edunt

145 937 200 998 per
222 925 368 978 terrarum
392 916 494 977 orbem
516 919 616 997 fruges
640 921 773 998 coepisse
796 922 900 980 creari.

146 1005 244 1066 Gallos
267 1005 445 1086 attribuunt,
471 1008 552 1086 quia,
575 1024 686 1067 numen
709 1010 760 1086 qui
782 1007 921 1068 violarint

69 1111 127 1161 oro
145 1097 248 1155 matris
271 1101 301 1154 et
322 1096 430 1172 ingrati
453 1094 636 1172 genitoribus
659 1097 771 1155 inventi
795 1098 868 1177 sint,

147 1183 313 1261 significare
335 1181 438 1242 volunt
459 1181 596 1260 indignos
620 1201 685 1242 esse
708 1183 868 1264 putandos,

146 1272 240 1331 rivam
262 1272 435 1349 progeniem
457 1272 508 1348 qui
531 1273 562 1330 in
586 1289 652 1330 oras
674 1270 796 1331 luminis
820 1271 916 1332 edant.

145 1367 283 1439 tympana
304 1365 385 1418 tenta
407 1366 510 1419 tonant
531 1357 637 1438 palmis
661 1366 690 1419 et
713 1359 844 1439 cymbala
867 1362 978 1420 circum

147 1465 286 1528 concava,
307 1449 524 1526 raucisonoque
546 1450 697 1507 minantur
719 1467 830 1509 cornua
853 1455 953 1528 cantu,

71 1554 128 1604 seo
147 1544 178 1597 et
198 1536 323 1614 Phrygio
347 1534 479 1595 stimulat
502 1553 625 1595 numero
648 1554 717 1596 cava
739 1535 811 1596 tibia
834 1539 956 1617 mentis,

145 1623 263 1703 telaque
285 1630 487 1703 praeportant,
509 1623 630 1684 violenti
654 1626 736 1703 signa
759 1625 881 1705 luroris,

147 1715 277 1791 ingratos
299 1714 413 1772 animos
436 1718 523 1790 atque
546 1714 636 1791 impia
658 1720 778 1791 pectora
800 1712 878 1792 volgi

147 1807 316 1861 conterrere
339 1807 420 1860 metu
443 1818 518 1878 quae
540 1802 656 1879 possint
677 1802 800 1861 numini’
823 1801 914 1861 divae.

147 1906 217 1967 ergo
240 1906 308 1948 oum
329 1890 459 1967 primum
480 1906 600 1967 magnas
622 1891 737 1949 invecta
760 1907 814 1968 per
835 1889 918 1949 urhis

72 1993 127 2043 aaa
147 1976 299 2037 munificat
321 1979 408 2037 tacita
430 1976 563 2036 mortalis
585 1983 666 2036 muta
690 1977 796 2057 salute,

148 2083 215 2126 aere
238 2071 325 2143 atque
348 2071 469 2143 argento
493 2071 629 2125 sternunt
651 2066 709 2125 iter
731 2083 817 2124 omne
840 2066 967 2144 viarum,

146 2153 277 2231 largifica
299 2154 375 2231 stipe
399 2151 540 2232 ditantes,
562 2155 746 2230 ninguntque
769 2170 904 2212 rosarum

147 2239 270 2301 floribus
291 2239 462 2300 umbrantes
484 2246 610 2300 matrem
633 2242 832 2318 comitumque
856 2246 995 2299 catervas.

146 2330 197 2390 hio
219 2334 329 2389 armata
352 2346 469 2409 manuS,
492 2327 615 2388 Curetas
638 2329 757 2388 nomine
780 2325 850 2387 Grai

71 2434 128 2484 630
148 2434 223 2496 quos
244 2418 410 2477 memorant
430 2415 581 2497 Phrygios,
604 2418 682 2476 inter
705 2434 737 2476 se
760 2416 835 2475 lorte
857 2412 939 2493 qood
959 2412 1058 2475 armis

146 2504 253 2566 ludunt
274 2506 306 2564 in
328 2522 542 2582 numerumque
566 2503 698 2564 exultant
720 2506 862 2583 sanguine
884 2502 967 2583 laeti,

147 2592 292 2655 terrificas
314 2595 444 2671 capitum
467 2595 632 2671 quatientes
654 2595 783 2652 momine
806 2594 924 2672 oristas,

146 2681 282 2742 Dictaeos
304 2681 437 2742 referunt
459 2680 595 2761 Curetas,
618 2683 669 2760 qui
690 2680 768 2741 Iovis
790 2680 874 2741 illum

146 2772 276 2849 vagitum
297 2771 330 2828 in
353 2768 439 2829 Creta
462 2768 609 2848 quondam
633 2768 795 2830 occultasse
818 2769 968 2848 seruntur,

74 2876 128 2925 aas
147 2876 214 2919 cum
236 2860 324 2937 pueri
346 2859 458 2918 circum
480 2876 605 2936 puerum
627 2861 748 2937 pernice
772 2857 879 2917 chorea
1041 2868 1080 2910 cao

73 2951 130 3005 637
146 2948 253 3007 armati
273 2947 305 3005 in
328 2963 484 3006 numerum
506 2945 659 3025 pulsarent
681 2945 798 3006 aeribus
822 2963 903 3025 aera,
1041 2957 1080 2997 ⁶³⁷

145 3053 183 3094 ne
207 3033 351 3094 Saturnus
375 3052 443 3094 eum
465 3034 549 3094 malis
572 3034 725 3095 mandaret
746 3033 869 3112 adeptus

147 3129 357 3202 aeternumque
381 3122 465 3183 daret
486 3124 574 3182 matri
597 3123 652 3183 sub
674 3130 794 3202 pectore
817 3120 929 3181 volnus.

73 3225 131 3276 640
145 3218 302 3290 propterea
324 3228 459 3289 magnam
481 3218 605 3271 matrem
628 3213 734 3271 armati
756 3211 945 3289 comitantur,

73 3315 129 3365 olo
147 3305 197 3359 aut
219 3301 287 3377 quia
310 3301 477 3377 significant
499 3300 595 3361 divam
617 3299 788 3378 praedicere
810 3304 844 3357 ut
867 3299 956 3357 armis

146 3404 181 3447 ae
202 3389 311 3447 virtute
333 3387 424 3447 velint
446 3389 571 3466 patriam
595 3386 753 3447 defendere
777 3393 886 3446 terram

145 3474 352 3554 praesidioque
375 3482 481 3555 parent
506 3474 666 3554 decorique
688 3473 861 3555 parentibus
884 3490 959 3532 esse.

125 3581 267 3626 numurus.
282 3585 317 3627 od.
330 3585 462 3640 Brlegcr.
870 3581 890 3626 l.
