2430 3878
428 183 710 240 PROLEGOMENA.
976 183 1076 237 LXXV

56 327 189 392 dubbini
280 348 407 392 merrtem
428 333 596 412 ventosum
619 350 723 391 navem
743 332 904 410 significari
926 331 989 392 vult
1006 350 1075 391 ven-

56 421 106 479 tis
134 420 284 501 agitatam,
315 420 392 499 quod
417 427 451 480 ut
478 439 494 481 a
516 419 686 480 Lucretiani
714 422 860 480 sermonis
888 419 1075 499 simplicitate

29 537 31 541 v
64 507 239 586 longissime
263 516 411 569 remotum
433 511 475 568 ita
498 511 586 568 etiam
604 527 659 587 per
677 527 709 568 se
727 527 820 587 paene
840 508 1000 569 absurdum
1020 515 1073 567 est.

62 601 166 656 cetera
190 598 367 657 existimavit
389 599 430 657 ita
454 599 564 675 scripta
588 604 667 656 certe
691 595 828 657 Lucretio
852 596 939 674 digna
963 615 1028 657 esse
1044 643 1074 655 ..

61 685 96 746 et
114 685 232 746 munt
245 681 430 765 promenda
446 681 582 763 fleam
597 702 740 746 rursum:
762 702 841 763 quoe
856 682 982 763 fuerim,
1000 681 1075 760 sice,

62 769 186 852 placeto
208 790 352 835 convoco
371 771 485 852 furore.
524 780 555 832 et
577 773 633 833 hoc
653 772 760 852 fossore
785 773 905 851 quidem
926 780 1021 833 recte:
1044 775 1076 832 in

65 864 176 922 ceteris
199 861 272 922 nihil
291 863 356 922 sani
375 869 428 922 est.
457 860 544 921 Bern.
563 879 580 921 a
603 860 671 921 lusu
694 863 806 939 ingenii
829 860 979 921 abstinens
1003 860 1075 920 duas

62 951 204 1028 cognovit
230 949 363 1030 lacunas,
390 956 456 1029 post
485 966 612 1011 currum
639 956 668 1010 et
689 957 758 1029 post
778 965 905 1010 rursusne
928 951 1007 1009 sitas.
1044 951 1076 1008 in

65 1057 92 1098 v.
107 1034 151 1100 48
175 1045 225 1098 aut
246 1040 283 1100 ut
304 1045 355 1099 aut
371 1034 394 1119 †
411 1056 522 1117 ponere
542 1037 675 1098 debebat
711 1037 815 1097 Munro
835 1038 962 1115 denique
981 1055 1075 1114 usque

65 1125 104 1186 ad
131 1128 289 1188 centorum
316 1133 410 1206 recte,
442 1134 540 1187 cetera
567 1125 693 1186 absurde
722 1128 778 1185 sio:
810 1143 847 1186 ee
873 1122 926 1186 o'ro
950 1126 988 1186 ut
1006 1121 1076 1203 pto-

61 1216 185 1291 ceotwr,
215 1217 252 1276 ot
276 1208 427 1298 ominod)
458 1230 585 1275 rursum
616 1230 694 1292 quoe
717 1211 838 1293 fuerint
867 1211 933 1274 sict
951 1209 1076 1293 placato

62 1320 213 1366 conversa
223 1303 337 1383 furore.
360 1303 439 1364 idem
453 1320 490 1363 ne
508 1303 538 1362 id
553 1302 673 1381 quidem
687 1301 768 1381 vidit,
784 1304 882 1363 cetero
895 1319 954 1362 non
968 1301 1076 1361 babere

66 1410 128 1472 quo
151 1393 322 1453 referretur.
341 1424 384 1434 —-
398 1390 555 1452 Lucretius
577 1392 609 1450 in
631 1392 783 1470 prooemio
805 1388 824 1450 l.
845 1389 882 1449 Vl
905 1392 1023 1467 aurigae
1045 1391 1077 1449 in

64 1478 216 1541 curriculo
244 1498 384 1540 coronam
410 1481 523 1558 petenti
555 1496 587 1539 se
615 1485 764 1557 comparat
790 1477 925 1539 versibus
955 1475 998 1540 90
1013 1496 1076 1556 sqq.

63 1568 203 1629 eiusdem
239 1570 300 1629 sive
338 1569 563 1647 comparationis
599 1568 660 1628 sive
692 1566 895 1627 similitudinis
925 1566 982 1626 boo
1013 1565 1077 1625 loco

65 1656 211 1718 babemus
246 1659 378 1737 initium,
412 1674 531 1717 versum
561 1651 614 1717 47.
671 1673 779 1715 novum
812 1654 918 1715 deinde
956 1653 1077 1714 alterius

66 1747 163 1825 partis
189 1747 335 1824 prooemii
362 1746 481 1823 scripsit
508 1746 638 1823 initium,
666 1746 774 1803 iterum
797 1761 833 1803 ex
856 1742 916 1803 illis
939 1749 1078 1821 quattuor

66 1833 116 1894 vel
133 1836 232 1913 potius
251 1835 381 1912 quinque
399 1832 535 1893 versibus
548 1827 679 1894 43—46
699 1850 830 1891 exorsus.
864 1831 942 1910 quod
960 1832 1078 1890 initium

68 1923 201 1982 lacerum
224 1921 260 1982 ad
284 1939 338 1981 nos
360 1923 503 2000 pervenit.
522 1954 564 1962 -
584 1916 640 1996 [56
660 1919 716 1998 sq.]
733 1947 774 1969 =
789 1916 832 1980 90
852 1937 893 1997 sq.
917 1917 1077 1978 bentleius.

69 2044 113 2054 —
137 2006 181 2072 64
202 2007 327 2072 ratione
349 2008 437 2069 Goeb.
459 2008 559 2088 philol.
582 2007 632 2067 XV
653 2004 728 2070 405.
769 2004 886 2069 rolloni
909 2005 981 2087 OQ,
1005 2025 1078 2084 quos

68 2100 120 2160 hic
137 2098 199 2158 Lm.
218 2096 249 2158 B.
268 2097 320 2158 Mr.
343 2099 432 2157 nimis
455 2096 592 2175 religiose
616 2102 788 2174 sequuntur.
808 2128 850 2137 —
870 2093 910 2157 81
935 2096 980 2157 est
997 2092 1079 2156 rotie

64 2183 148 2250 coeli
168 2187 342 2265 nouoque
359 2183 518 2262 ponendo
540 2187 602 2245 ei.
625 2181 780 2245 reddendo
802 2201 827 2242 r.
851 2181 906 2242 lex.
931 2179 1080 2260 nodoque

70 2275 142 2337 dum
170 2274 240 2353 quid
267 2274 374 2334 melius
402 2276 581 2334 inveniatur:
612 2267 761 2349 caelioque
788 2267 917 2332 macodo
945 2268 1003 2340 OQ.

66 2360 210 2445 folpeodo'
234 2360 339 2441 cisque
361 2359 490 2424 medodi
516 2360 611 2420 Lm.B.
638 2357 719 2421 ratio
746 2355 822 2420 coeli
843 2355 1012 2437 spectasque
1039 2357 1080 2419 te·

69 2450 174 2516 neoda
195 2450 261 2531 Mn,
289 2469 306 2511 a
328 2452 459 2512 cumeae
480 2447 589 2528 specle,
612 2449 625 2508 l
650 2444 726 2528 142,
755 2465 815 2506 non
838 2446 986 2507 intellecta
1012 2464 1078 2526 pro-

70 2542 180 2620 iectus,
219 2557 315 2619 neque
359 2538 430 2617 quid
473 2541 512 2598 sit
550 2534 701 2598 rationem
742 2537 840 2598 lenem
880 2553 995 2596 curans.
1037 2567 1079 2577 ·-

71 2627 114 2692 83
141 2628 201 2708 quc·
224 2625 322 2707 siaul
346 2626 440 2706 uum„
475 2627 505 2686 id
533 2629 612 2686 enim
640 2632 706 2685 ante
740 2627 837 2685 omnia
864 2626 974 2702 agitur:
1005 2619 1082 2702 quid

66 2714 193 2799 faciunt
221 2715 280 2786 OQ.
312 2715 377 2776 edd.
405 2747 447 2757 ·-
476 2710 606 2776 85-89
637 2712 700 2773 Lm.
732 2712 763 2773 B.
797 2712 964 2791 secludunt,
1002 2710 1079 2789 quod

71 2804 208 2867 versibus
230 2801 282 2885 90,
301 2801 341 2865 91
367 2802 559 2881 sequentibus
579 2804 719 2862 orationis
739 2801 873 2861 ordinem
891 2798 1080 2878 perturbent:

71 2894 151 2974 quod
182 2894 248 2963 fleri
280 2911 363 2970 nego.
412 2890 500 2951 modo
529 2898 609 2951 recte
637 2891 763 2969 accipias
791 2890 976 2949 enuntiatum
1005 2887 1079 2948 rela-

70 2985 177 3062 tivum,
210 2983 250 3041 ita
282 2980 419 3040 videlicet
445 2985 479 3038 ut
504 2985 601 3039 vertas
629 2975 723 3038 ‘diese
751 2983 896 3054 vorginge
923 2975 1082 3036 verstehen

70 3071 119 3131 die
148 3067 226 3129 leute
254 3059 357 3127 nicbt'.
386 3095 431 3106 -
463 3057 581 3138 lapides
607 3063 636 3123 et
661 3059 752 3139 liguo
769 3059 834 3119 Ver.
852 3060 952 3120 Venet.
980 3064 1080 3123 Avant.

69 3159 169 3220 Purm.
193 3173 259 3215 ann.
283 3151 383 3233 philol.
409 3148 492 3213 1877
515 3168 543 3229 p.
563 3147 604 3211 28
623 3148 689 3209 Mn:
717 3165 754 3210 ao
776 3146 865 3227 toppo
884 3148 915 3209 0.
944 3167 981 3212 oc
1004 3149 1081 3230 lyco

68 3248 103 3319 Q.
122 3242 212 3325 tigno
224 3260 299 3302 corr.
314 3240 346 3312 Q.
361 3237 473 3300 Marull.
487 3236 582 3297 Lm.B.
603 3237 639 3297 ad
658 3256 723 3297 rem
741 3236 824 3317 male,
844 3238 915 3316 quid
935 3241 1014 3298 enim
1032 3239 1080 3300 hic

69 3335 219 3414 lignorum
246 3331 390 3390 formam
414 3323 572 3388 curamus?
601 3333 630 3385 et
657 3324 862 3386 allitteratione
892 3326 1012 3387 sublata.
1037 3361 1080 3370 -

68 3419 78 3507 ll
98 3414 273 3484 100-105
290 3414 301 3498 ΙΙ
344 3416 494 3492 Kanneng.
534 3414 604 3474 diss.
638 3432 706 3473 nam
743 3413 779 3474 de
815 3413 939 3474 nubium
975 3422 1079 3476 natura

68 3519 159 3592 poeta
171 3528 215 3569 vv.
228 3503 295 3568 444
309 3525 370 3585 sqq.
386 3506 452 3584 agit.
469 3535 511 3545 —
527 3499 590 3565 103
605 3508 672 3566 out
683 3500 764 3564 Flor.
777 3499 824 3564 bi
832 3501 893 3562 iu.
905 3500 1039 3570 colbo.
1049 3500 1091 3560 ub
