2430 3878
588 174 629 230 111

176 341 265 402 quam
289 324 372 383 tenui
395 329 511 383 constet
533 329 663 403 textura,
687 339 832 400 quamque
856 321 920 384 loco
944 339 976 383 se

98 428 158 478 210
177 413 327 474 contineat
347 426 452 490 parvo,
475 412 501 471 si
523 412 619 489 possit
641 409 866 492 conglomerari,

178 499 257 579 quod
281 499 369 559 simul
392 506 480 576 atque
502 498 651 558 hominem
674 498 726 558 leti
750 516 853 559 secura
876 501 961 577 quies
985 505 1030 558 est

177 588 298 666 indepta
322 594 409 666 atque
432 589 523 647 animi
545 594 650 647 natura
673 589 845 665 animaeque
868 588 1006 668 recessit,

177 676 221 737 nil
242 675 285 736 ihi
307 674 430 735 libatum
453 673 489 735 de
512 682 574 735 toto
596 693 722 754 corpore
744 693 848 736 cernas

178 763 215 826 ad
238 765 381 843 speciem,
403 761 446 823 nil
469 763 504 823 ad
527 762 656 842 pondus:
678 781 759 823 mors
783 764 879 823 omnia
901 768 1044 844 praestat,

104 866 160 918 210
178 851 296 913 vitalem
318 857 437 930 praeter
459 868 580 911 sensum
603 851 788 931 calidumque
810 868 957 930 vaporem.

180 958 250 1019 ergo
273 942 400 1000 animam
422 945 513 999 totam
535 941 688 1018 perparvis
713 957 780 999 esse
803 946 955 1000 necessest

180 1027 342 1090 seminibus
364 1044 470 1087 nexam
492 1045 547 1105 per
569 1045 658 1087 venas
680 1029 793 1089 viscera
815 1045 934 1108 nervos,

180 1123 338 1196 quatenus,
362 1116 457 1175 omnis
479 1114 531 1175 ubi
553 1133 569 1174 e
592 1121 654 1175 toto
676 1117 735 1175 iam
758 1133 881 1194 corpore
905 1115 1007 1197 cessit,

180 1206 289 1265 extima
312 1202 513 1264 membrorum
536 1204 648 1264 circum
670 1221 791 1264 caesura
813 1210 913 1263 tamen
935 1220 967 1263 se

108 1308 162 1359 220
180 1292 358 1354 incolumem
381 1297 512 1370 praestat
533 1308 589 1351 nec
612 1291 682 1352 defit
703 1291 844 1371 ponderis
866 1291 968 1352 hilum.

181 1380 259 1460 quod
282 1398 376 1460 genus
398 1386 458 1461 est,
479 1379 586 1440 Bacchi
608 1397 676 1439 cum
699 1379 753 1440 llos
776 1380 906 1461 evanuit,
929 1386 980 1440 aut
1002 1397 1068 1440 cum

181 1471 304 1549 spiritus
327 1469 471 1546 unguenti
494 1469 591 1528 suavis
613 1468 729 1546 diffugit
751 1470 903 1549 maurae,

181 1564 232 1619 aut
254 1557 351 1636 aliquo
375 1574 443 1618 cum
464 1557 523 1617 ism
547 1573 635 1617 sucus
657 1556 694 1617 de
718 1574 841 1636 corpore
864 1557 968 1616 cessit:

181 1645 242 1706 nilo
266 1644 359 1706 oculis
381 1651 480 1705 tamen
503 1662 568 1705 esse
591 1646 689 1704 minor
711 1663 760 1706 res
784 1647 848 1723 ipsa
870 1644 986 1705 videtur

108 1749 163 1800 220
181 1741 338 1813 propterea
359 1750 456 1811 neque
479 1731 643 1793 detractum
665 1733 701 1793 de
724 1732 853 1812 pondere
878 1734 1048 1812 quicquam,

181 1823 335 1902 nimirum,
358 1823 427 1899 quia
448 1819 539 1880 multa
561 1823 732 1900 minutaque
756 1822 868 1881 semina
891 1838 978 1881 sucos

182 1910 315 1971 efficiunt
337 1916 368 1969 et
390 1908 511 1969 odorem
532 1910 564 1969 in
587 1916 648 1969 toto
672 1925 795 1988 corpore
818 1926 927 1968 rerum.

183 2016 274 2078 quare
297 1999 385 2058 etiam
409 2005 495 2075 atque
519 1999 608 2057 etiam
630 1998 738 2057 mentis
761 2002 896 2057 naturam
918 1997 1090 2074 animaeque
1162 2018 1173 2031 .

183 2088 261 2147 scire
283 2084 354 2145 licet
375 2102 517 2165 perquam
539 2083 676 2164 pauxillis
700 2102 765 2144 esse
790 2089 917 2145 creatam

109 2189 165 2241 sao
184 2172 360 2254 seminibus,
383 2175 521 2252 quoniam
543 2171 659 2251 lugiens
682 2171 725 2233 nil
746 2170 887 2250 ponderis
909 2170 1013 2232 aufert.

227 2260 289 2323 Nec
310 2268 410 2321 tamen
432 2261 505 2321 haec
528 2260 652 2339 simplex
674 2259 761 2320 nobis
783 2265 888 2319 natura
909 2257 1075 2338 putandast

183 2351 280 2411 tenvis
303 2351 382 2410 euim
405 2347 547 2428 quaedam
570 2348 762 2409 moribundos
785 2347 896 2407 deserit
918 2365 988 2407 aura

183 2440 275 2499 mixta
297 2455 418 2518 vapore,
440 2455 530 2516 vapor
551 2455 640 2516 porro
663 2436 754 2497 trahit
775 2439 843 2496 aira
866 2453 980 2517 secum,

184 2545 240 2587 nec
263 2525 342 2587 calor
364 2532 411 2586 est
433 2527 601 2606 quisquam,
625 2527 674 2587 cui
695 2542 755 2585 non
778 2525 817 2584 sit
838 2525 948 2584 mixtus
972 2530 1002 2584 et
1023 2527 1087 2584 aer:

110 2630 166 2682 200
184 2632 252 2676 rara
275 2613 353 2693 quod
376 2615 441 2674 cius
464 2615 543 2674 enim
566 2620 680 2674 constat
702 2621 819 2694 natura,
840 2619 993 2674 necessest

185 2704 263 2764 aeris
286 2704 364 2762 inter
387 2719 455 2762 eum
477 2701 638 2781 primordia
660 2702 751 2763 multa
773 2703 893 2761 moveri.

185 2793 245 2851 iam
266 2789 375 2870 triplex
398 2791 542 2850 animaest
562 2792 653 2869 igitur
674 2797 778 2850 natura
801 2794 931 2868 reperta:

185 2896 242 2940 nec
263 2885 361 2939 tamen
383 2877 456 2938 haec
477 2884 522 2938 sat
540 2885 610 2938 sunt
628 2877 664 2938 ad
683 2895 803 2939 sensum
821 2881 927 2938 cuncta
945 2873 1117 2956 creandum,

186 2965 229 3027 nil
250 2966 357 3027 horum
380 2967 519 3044 quoniam
540 2968 647 3045 recipit
669 2984 718 3026 res
740 2983 827 3045 posse
852 2980 953 3024 creare

112 3071 168 3121 240
187 3054 347 3115 sensiferos
369 3061 480 3135 motus,
504 3053 646 3132 quaedam
669 3072 725 3133 000
744 3049 768 3132 †
784 3059 883 3112 mente
905 3049 1027 3112 volutat.

187 3148 291 3222 quarta
314 3159 430 3221 quoque
453 3141 499 3202 his
522 3144 613 3221 igitur
636 3141 778 3220 quaedam
801 3145 905 3200 natura
927 3144 1080 3199 necessest

187 3229 384 3291 adtribuatur:
409 3236 473 3290 east
495 3232 614 3290 omnino
637 3231 765 3290 nominis
789 3245 908 3309 expers3

187 3336 244 3398 qua
266 3336 363 3397 neque
386 3316 524 3378 mobilius
548 3320 704 3396 quicquam
726 3334 822 3395 neque
845 3317 962 3377 tenvius
985 3321 1064 3375 extat

186 3424 242 3467 nec
264 3408 357 3485 magis
381 3424 397 3466 e
417 3407 515 3486 parvis
538 3414 568 3466 et
590 3405 703 3466 levibus
726 3411 772 3466 est
794 3404 960 3483 elementis3

113 3509 168 3561 240
188 3495 348 3556 sensiferos
371 3501 469 3554 motus
492 3512 566 3573 quae
589 3492 663 3554 didit
685 3496 783 3574 prima
802 3510 857 3574 per
880 3499 979 3553 artus:
