2430 3878
563 196 602 251 IV

84 359 133 409 aaa
152 342 306 403 desierunt
328 343 416 422 verti,
440 344 488 402 vix
511 351 544 404 ut
566 346 625 402 iam
648 343 770 404 credere
792 346 907 422 possint

63 431 135 498 ’401
151 449 212 490 non
236 449 325 510 supra
348 448 414 490 sese
437 448 525 492 ruere
549 434 646 492 omnia
669 438 748 493 tecta
769 434 885 492 minari.

153 521 271 598 iamque
292 517 418 578 rubrum
440 519 576 580 tremulis
599 519 685 580 iubar
707 518 826 598 ignibus
849 522 964 598 erigere
987 520 1044 580 alte

153 626 221 669 cum
245 612 360 686 coeptat
380 613 487 667 nelma
510 625 657 687 supraque
680 607 821 669 extollere
843 615 973 689 montes,
1051 630 1093 672 no

154 715 229 775 quos
251 695 307 755 tibi
329 703 392 755 tum
416 713 504 774 supra
526 695 572 756 sol
595 698 707 756 montis
731 714 797 756 esse
816 696 932 757 ridetur

81 801 135 851 390
154 785 319 845 comminus
341 785 405 862 ipse
429 801 482 844 suo
506 787 680 864 contingens
703 784 834 845 fervidus
857 787 931 866 igni,

79 888 138 941 406
151 875 200 933 rix
223 870 330 932 absunt
352 871 437 931 nobis
460 874 571 934 missus
593 872 640 933 bis
662 872 742 933 mille
766 875 902 954 sagittae,

153 962 202 1020 vix
226 962 314 1020 etiam
337 977 442 1020 cursus
465 963 643 1039 quingentos
666 978 753 1041 saepe
776 963 885 1021 veruti:

153 1051 305 1109 intereos
328 1047 478 1126 solemque
502 1051 599 1110 iacent
622 1051 760 1109 immania
782 1051 866 1128 ponti
1051 1073 1092 1113 uo

155 1155 282 1215 aequora
305 1135 453 1196 substrata
475 1138 615 1198 aetheriis
638 1136 808 1216 ingentibus
831 1139 904 1218 oris,

82 1242 136 1293 395
155 1227 368 1302 interiectaque
391 1232 461 1285 sunt
482 1233 630 1286 terrarum
653 1225 733 1286 milia
756 1225 860 1306 multa,

82 1331 137 1381 411
155 1331 229 1393 quae
252 1315 348 1372 variae
372 1315 503 1374 retinent
525 1321 627 1392 gentes
651 1321 681 1374 et
703 1313 798 1375 saecla
821 1314 958 1374 ferarum.

155 1409 185 1461 at
207 1400 358 1462 conlectus
380 1419 473 1480 aquae
496 1402 621 1481 digitum
644 1420 704 1462 non
727 1401 813 1462 altior
835 1419 941 1482 unum,

156 1492 207 1568 qui
229 1488 342 1569 lapides
364 1491 442 1550 inter
465 1492 544 1550 sistit
565 1509 621 1570 per
643 1497 733 1551 strata
756 1492 882 1571 viarum,
1051 1511 1092 1554 no

155 1577 328 1657 despectum
351 1577 474 1656 praebet
496 1578 551 1639 sub
573 1585 669 1639 terras
692 1581 792 1658 inpete
815 1585 910 1659 tanto,

81 1683 137 1733 400
156 1684 172 1725 a
193 1667 283 1726 terris
307 1673 449 1744 quantum
472 1666 545 1727 caeli
567 1674 648 1746 patet
671 1667 747 1728 altus
769 1667 880 1747 hiatus3

80 1771 139 1822 416
154 1753 255 1815 nubila
279 1753 432 1833 despicere
455 1762 485 1814 et
508 1755 600 1815 solem
623 1762 656 1816 ut
679 1755 796 1815 videare
819 1755 919 1815 videre

581 1862 599 1902 e

156 1948 280 2009 corpora
301 1925 463 2009 †mirande
486 1930 540 1991 sub
563 1937 658 1992 terras
682 1930 779 1991 abdita
802 1930 883 1991 caeli.

156 2018 284 2096 denique
306 2018 359 2078 ubi
381 2021 413 2079 in
435 2019 533 2079 medio
557 2018 643 2079 nobis
667 2037 760 2098 equus
784 2037 852 2079 acer
875 2018 1007 2078 obhaesit
1051 2041 1092 2080 mo

155 2107 277 2167 flumine
300 2113 330 2167 et
352 2109 384 2166 in
406 2107 523 2187 rapidas
545 2110 640 2167 amnis
664 2107 851 2186 despeximus
874 2106 981 2187 undas,

82 2211 137 2263 406
156 2197 262 2256 stantis
285 2197 355 2273 equi
378 2214 485 2274 corpus
507 2202 709 2255 transversum
731 2195 810 2254 ferre
832 2193 949 2254 videtur

81 2286 200 2353 421vis
223 2290 253 2343 et
275 2285 307 2342 in
330 2283 486 2344 adversum
508 2283 618 2344 flumen
642 2282 818 2343 contrudere
841 2284 961 2363 raptim,

157 2379 187 2433 et
211 2389 397 2450 quocumque
420 2372 520 2432 oculos
543 2373 715 2432 traiecimus
741 2372 839 2430 omnia
861 2369 934 2430 ferri

157 2467 187 2520 et
209 2459 303 2520 fluere
327 2459 454 2520 adsimili
476 2460 562 2520 nobis
585 2462 699 2521 ratione
722 2459 866 2519 videntur.
1053 2483 1092 2522 tea

155 2550 289 2628 porticus
313 2547 428 2627 aequali
451 2550 583 2627 quamvis
606 2556 652 2609 est
674 2547 801 2626 denique
825 2547 916 2607 ductu

81 2654 138 2704 410
158 2643 297 2716 stansque
321 2638 352 2696 in
374 2644 550 2717 perpetuum
573 2634 695 2715 paribus
719 2634 837 2697 suffulta
860 2635 1017 2717 columnis,

83 2741 141 2793 426
157 2723 243 2802 longa
264 2732 365 2785 tamen
386 2732 470 2804 parte
492 2723 529 2785 ab
553 2743 667 2785 summa
690 2743 757 2785 cum
779 2731 840 2784 tota
864 2723 992 2806 videtur,

156 2811 296 2892 paulatim
319 2812 410 2873 trahit
432 2815 549 2891 angusti
571 2813 687 2892 fastigia
709 2814 777 2872 coni

156 2907 235 2961 tecta
258 2900 321 2960 solo
343 2903 468 2979 iungens
492 2909 578 2980 atque
602 2903 700 2961 omnia
723 2900 843 2960 dextera
865 2899 955 2960 laevis
1052 2924 1093 2963 cao

157 2989 252 3050 donec
274 2991 305 3050 iu
329 2988 488 3050 obscurum
511 2991 578 3049 coni
601 2989 742 3049 conduxit
764 3006 896 3048 acumen.

85 3093 139 3144 415
158 3080 190 3138 in
211 3077 315 3156 pelago
339 3080 436 3138 nautis
460 3095 496 3137 ex
518 3077 606 3137 undis
630 3084 713 3137 ortus
735 3079 767 3136 in
789 3075 877 3136 undis

83 3182 138 3234 431
156 3165 201 3227 sol
224 3167 257 3225 fit
280 3168 324 3226 uti
345 3165 480 3226 videatur
503 3165 585 3226 obire
609 3173 639 3226 et
661 3164 788 3226 condere
812 3163 926 3245 lumen3

158 3257 268 3333 quippe
290 3254 342 3315 ubi
364 3253 408 3314 nil
430 3252 508 3314 aliud
531 3256 590 3314 nisi
613 3272 717 3332 aquam
741 3251 913 3332 caelumque
937 3261 1070 3335 tuentur3

157 3361 194 3403 ne
218 3341 323 3403 leviter
346 3342 449 3403 credas
471 3341 641 3402 labefactari
663 3341 794 3420 undique
818 3359 932 3403 sensus,
1053 3363 1094 3406 eoo

157 3438 187 3491 at
208 3432 299 3491 maris
322 3433 433 3509 ignaris
456 3432 487 3489 iu
510 3437 598 3508 portu
621 3429 723 3490 clauda
745 3429 882 3490 videntur

86 3535 139 3584 420
156 3520 270 3596 navigia
293 3518 434 3599 aplustris
458 3519 560 3581 fractis
584 3518 712 3581 obnitier
734 3518 845 3580 undae.
