2430 3878
161 169 223 224 mv
526 132 807 228 rncnncmmnc.

161 315 315 379 succedere
339 315 446 397 fances
468 317 557 378 Goeb.
582 326 693 398 quaest.
716 338 743 397 p.
768 317 819 398 29,
842 317 985 396 probante
1006 316 1079 378 Poll.
1101 316 1121 378 Ι.
1144 335 1168 378 c.

162 425 190 485 p.
211 404 288 467 335:
311 422 424 484 snperc
444 404 501 477 00.
520 424 565 484 vg.
584 440 627 450 -
646 406 656 485 [I
674 405 846 468 613-621
866 402 877 486 ΙΙ
893 406 989 466 Wlnn.
1013 423 1168 484 argumen-

163 502 225 553 tum
239 493 288 554 hic
302 495 471 554 inchoatum
486 491 660 556 781-794
675 496 769 555 iusins
783 496 903 555 tractari
919 501 948 554 et
961 493 1073 555 absolvi
1086 493 1167 554 vidit.

163 614 206 624 —
230 578 294 643 615
318 582 504 645 omnibns
527 581 585 652 00.
608 582 661 643 Mr.
685 583 780 643 nim:
801 583 932 661 pectore,
957 584 1033 642 miro
1056 599 1168 662 errore,

162 669 225 729 Lm.
243 669 275 730 Β.
288 702 334 712 -
348 667 409 731 631
433 667 526 732 banci
541 668 655 750 iqiinr
673 669 735 730 Lm.
754 671 798 731 B.:
822 667 963 732 andibnn
981 669 1039 742 00.
1058 666 1168 732 audibi

163 757 290 818 absurde
312 758 364 818 ΜΓ.
388 790 431 800 -
448 755 459 838 V
477 756 649 820 632-667
668 756 678 835 ΙΙ
695 759 727 818 hi
754 759 811 818 dno
838 758 909 838 Ioci,
932 760 983 837 qui
1010 765 1080 819 sunt
1103 755 1167 819 622

163 842 271 907 -631
296 854 326 906 et
344 844 519 908 668-676
543 845 579 906 ab
598 847 700 907 eodem
719 865 807 907 versu
829 848 1006 926 incipientes
1029 849 1071 908 ita
1094 845 1168 907 alter

163 934 288 995 alterum
316 936 451 1013 excipere
480 933 588 994 debent
614 942 648 994 ut
671 933 784 997 11478
807 953 871 1014 sqq.
895 941 925 995 et
947 932 1012 996 522
1036 953 1099 1013 sqq.
1124 966 1167 978 —

164 1019 230 1083 645
251 1023 378 1085 simul
400 1020 458 1092 00.
481 1019 572 1083 semei
592 1022 655 1082 Lm.
673 1022 705 1082 B.
722 1022 775 1083 Mr.
798 1055 840 1067 -
865 1019 929 1084 655
952 1041 1015 1101 sqq.
1037 1019 1168 1085 mnanii

163 1104 241 1192 (Lm.
264 1103 331 1193 Mr.)
354 1108 501 1188 serpentis
522 1108 623 1172 cende
638 1128 764 1190 procero
787 1128 910 1189 corpore
931 1111 1106 1173 bnnmmn
1126 1107 1170 1172 sit

163 1195 297 1260 eninm:
310 1215 435 1276 procero
452 1216 574 1277 ccrporc
590 1201 751 1277 nbrnnqne
764 1197 822 1270 00.
840 1199 1006 1278 serpentem
1024 1191 1166 1281 (MaruII.)

164 1284 265 1348 cande
286 1304 441 1365 eprccero
464 1304 585 1365 corpore
605 1285 758 1365 nirirnqne
779 1285 841 1347 Lm.
863 1284 999 1348 minanti
1019 1284 1168 1366 serpentis

164 1372 265 1436 cende
282 1422 289 1433 .
306 1421 312 1434 .
328 1421 334 1434 .
352 1373 504 1452 niriceqne
530 1374 619 1434 Goeb.
648 1383 760 1453 quaest.
782 1374 899 1435 Lucret.
921 1393 949 1453 p.
972 1372 1016 1436 25
1035 1421 1087 1436 ...
1105 1391 1168 1438 ser·

161 1460 264 1540 nentis
282 1460 382 1524 ccccc
393 1479 519 1540 procero
537 1479 665 1540 corpore,
688 1464 850 1541 nirnrnqne
867 1462 951 1523 *Mn
970 1462 1040 1523 olim
1059 1465 1167 1542 scripsi

164 1547 294 1611 micanti
309 1552 475 1628 serpentem
495 1543 554 1632 (vel
570 1544 753 1632 serpentis?)
768 1548 876 1628 cande,
888 1568 1015 1629 procero
1033 1547 1168 1630 conrori'

165 1641 271 1701 trunco
300 1637 400 1716 philol.
427 1637 528 1697 XXVII
556 1634 611 1718 50,
639 1638 716 1717 quod
746 1657 813 1699 cum
840 1638 971 1700 Gcebelii
998 1641 1168 1701 coniectura

165 1729 380 1806 contamInans,
402 1734 435 1786 ut
459 1727 523 1804 ipse
546 1728 599 1806 nit,
623 1726 734 1786 Susem.
757 1724 904 1805 serpentis
919 1743 1083 1806 procerum
1104 1744 1169 1790 cor-

162 1811 250 1894 peri'
282 1816 423 1876 trnnenrn
457 1814 540 1893 iecit,
572 1832 755 1892 nequaquem
788 1821 886 1875 tamen
917 1816 1112 1896 confidenter,
1142 1835 1168 1877 v.

165 1902 265 1983 philol.
283 1902 386 1962 XXVII
403 1900 454 1962 57.
495 1901 619 1962 absolvit
636 1920 700 1962 rem
719 1901 881 1963 Giussanus
898 1901 1046 1983 serpentis
1067 1902 1170 1966 canda

163 2008 286 2070 procero
306 2007 428 2069 corpore
450 1990 591 2051 nnncnn
613 1989 756 2070 scribens,
778 1993 797 2051 i.
816 2010 841 2052 e.
866 1993 891 2051 si
913 1994 1060 2070 serpentis
1083 1999 1168 2053 trun-

167 2098 234 2140 cum
257 2081 295 2139 sit
317 2077 433 2139 libitum
456 2078 614 2158 discidere3
641 2086 779 2139 truncum
804 2078 889 2158 dicit,
912 2097 980 2140 nam
1003 2079 1077 2140 collo
1100 2099 1169 2158 per·

166 2168 292 2228 cendum
313 2185 378 2227 esse
397 2165 525 2226 declarat
542 2185 567 2226 v.
588 2163 660 2227 660.
679 2199 721 2209 -
740 2164 803 2228 661
823 2165 997 2229 ardentem
1012 2168 1049 2228 ni
1063 2183 1169 2230 meren

162 2258 287 2335 premnt
302 2254 364 2318 icic
382 2254 521 2332 colerere,
539 2256 637 2335 phiIcl.
652 2255 755 2315 XXVII
767 2253 832 2317 432
851 2263 909 2317 not.
930 2253 962 2315 2:
986 2252 1108 2316 ardenti

168 2342 269 2407 dcicre
282 2345 339 2415 OQ.
354 2342 476 2407 crdenii
493 2391 501 2406 .
518 2392 546 2405 ..
565 2341 697 2406 dolorem
713 2343 775 2404 Lm.
790 2343 821 2403 B.
835 2343 888 2404 Mr.
906 2376 949 2385 —
969 2341 1034 2405 670
1052 2359 1172 2421 supera

166 2430 237 2489 ente
254 2429 355 2488 cctam
372 2428 500 2488 cetctern
518 2425 590 2487 Rob.
608 2425 715 2504 Unger.
732 2443 824 2505 snper
841 2424 900 2497 OQ.
919 2426 983 2486 edd.
1002 2426 1038 2487 cf.
1056 2425 1080 2485 V
1094 2424 1169 2490 326.

167 2523 234 2577 ante
261 2522 325 2575 acta
352 2521 431 2574 aetas
458 2521 504 2574 est
525 2513 598 2574 haec
619 2521 713 2596 aetas,
736 2521 878 2592 qnantum
901 2516 965 2574 eius
988 2521 1170 2576 transactum

167 2609 286 2664 est-
310 2600 374 2662 678
397 2599 546 2681 aniciae,
568 2619 637 2661 nam
662 2603 694 2661 in
721 2601 859 2663 dentibus
883 2596 933 2685 (cf.
956 2620 982 2662 v.
1006 2595 1085 2686 686)
1108 2621 1171 2662 non

167 2699 213 2752 est
231 2693 354 2750 enimus.
382 2687 483 2750 cnirni
496 2687 554 2760 00.
570 2689 633 2750 edd.
649 2722 691 2732 —
706 2687 770 2751 682
788 2686 887 2751 cicere
899 2686 997 2751 solem
1011 2683 1169 2774 (animam)

167 2776 231 2841 683
250 2775 394 2858 convenit,
411 2779 448 2838 nt
462 2793 554 2838 sensu
570 2793 678 2856 ccrpns
695 2780 797 2839 tenen
814 2779 920 2856 afluat
934 2794 1034 2839 omne:
1051 2773 1173 2858 efficat

167 2866 225 2938 00.
244 2865 336 2945 africi
352 2865 483 2926 scribere
502 2883 590 2926 ausus
609 2883 684 2947 snm,
705 2865 782 2944 qnod
806 2874 872 2926 ante
895 2884 943 2926 me
966 2865 1058 2926 scribi
1081 2869 1171 2927 iussit

167 2954 408 3034 Grassbergerns,
426 2953 463 3013 de
480 2952 598 3014 Lucret.
617 2956 755 3034 carmine,
773 2953 942 3013 Monichiae
964 2950 1047 3015 1856
1069 2973 1098 3033 p.
1117 2951 1170 3017 54.

167 3045 336 3122 scripsisset
365 3042 434 3123 hoc,
462 3041 539 3121 qnod
567 3059 659 3101 unum
685 3048 786 3120 aptum
814 3048 871 3118 est,
898 3041 1115 3124 Lachmannus,
1144 3045 1172 3102 si

166 3131 255 3191 huius
278 3130 358 3190 modi
380 3132 541 3210 composita
562 3131 595 3189 in
616 3147 674 3189 usu
697 3136 830 3190 veterum
852 3129 943 3190 fuisse
967 3129 1170 3190 demonstrare

165 3224 280 3299 posset,
308 3218 343 3278 cf.
371 3218 407 3278 ed
431 3215 495 3280 685
523 3224 691 3298 comment.;
719 3217 797 3296 quod
829 3220 949 3297 scripsit
981 3219 1086 3280 arcent
1111 3220 1172 3298 Ipsi

166 3324 271 3386 parum
297 3305 413 3384 placere
441 3312 570 3384 apparet.
615 3304 703 3365 abicit
729 3323 848 3366 versum
875 3305 921 3387 B.,
948 3307 1019 3366 item
1046 3306 1099 3366 Mr.
1128 3338 1171 3350 —

167 3392 230 3456 687
259 3396 386 3457 morbus
407 3391 466 3464 00.
488 3392 541 3452 Mr.
564 3392 631 3471 Brg.
658 3392 757 3472 philol.
784 3393 887 3453 XXVII
915 3390 955 3455 51
980 3412 1024 3474 sq.
1050 3411 1173 3458 morsus

165 3481 228 3543 Lm.
260 3482 292 3543 B.
324 3515 366 3527 -
400 3479 463 3543 688
499 3477 603 3544 snbiio
639 3479 696 3544 his
728 3500 744 3543 e
776 3479 931 3562 fncpibns,
963 3481 1033 3544 ibid.
1061 3479 1173 3547 enbitis
