2430 3878
383 755 425 840 Τ.
448 754 678 842 Ludendi
710 753 833 844 OARI

245 916 336 1014 DE
382 916 635 1016 RERUM
679 918 969 1018 NATURA

443 1089 576 1156 nunus
598 1089 770 1157 seruus

153 1376 327 1438 Aeneadum
349 1378 497 1456 genetrix,
519 1376 673 1438 hominum
696 1377 853 1456 divomque
875 1378 1023 1459 voluptas,

113 1464 232 1542 ;,·;alma
254 1464 366 1545 Venus,
389 1463 463 1525 caeli
486 1463 738 1527 subterlabentia
761 1468 845 1545 signa

40 1599 46 1610 .
125 1568 234 1634 ··quae
256 1571 337 1614 mare
360 1554 546 1633 navigerum,
567 1571 641 1634 quae
664 1561 761 1615 terras
783 1554 986 1633 frugiferentis

99 1645 109 1727 J
154 1639 360 1721 concelebras,
382 1659 437 1720 per
458 1648 488 1701 te
512 1644 651 1720 quoniam
674 1661 767 1721 genus
791 1661 878 1704 omne
901 1646 1082 1706 animantum

116 1730 325 1809 tcencipitur
346 1730 475 1808 visitque
497 1737 632 1790 exortum
655 1729 767 1792 lumina
790 1731 870 1792 solis.

157 1812 166 1901 ll
179 1825 223 1899 te,
246 1817 313 1899 dea,
335 1823 364 1878 te
388 1817 504 1896 fugiunt
525 1820 623 1900 venti,
643 1825 673 1879 tc
694 1819 796 1880 nubila
819 1819 893 1882 caeli

158 1906 374 1984 adventumque
396 1913 496 1986 tuum,
519 1905 575 1966 tibi
598 1909 695 1967 suavis
718 1907 838 1969 daedala
860 1909 948 1971 tellus

158 1996 316 2056 summittit
337 1994 439 2074 flores,
462 1993 517 2054 tibi
539 1994 639 2055 rident
661 2013 789 2074 aequora
811 1999 896 2074 ponti

156 2082 361 2163 placatumque
384 2084 459 2143 nitet
481 2082 587 2143 diffuso
611 2082 723 2144 lumine
747 2081 898 2166 caeluml

98 2178 139 2230 10
156 2189 226 2233 nam
248 2170 337 2232 simul
359 2189 393 2232 ac
416 2173 531 2249 species
553 2171 727 2250 patefactast
749 2189 839 2230 verna
862 2172 923 2234 diei

157 2266 188 2320 et
209 2266 340 2320 reserata
362 2260 441 2338 riget
463 2258 632 2337 genitabilis
655 2277 725 2319 aura
748 2258 858 2340 faroni,

157 2349 254 2409 atriae
276 2348 406 2427 primum
428 2347 563 2408 volucres
585 2354 628 2428 te,
651 2347 731 2428 diva,
752 2354 896 2427 tuumque

157 2436 325 2515 significant
347 2437 454 2497 initum
475 2434 630 2515 perculsae
653 2435 742 2496 corda
763 2443 815 2496 tua
835 2438 873 2497 ri

157 2524 227 2585 inde
250 2523 329 2585 ferae
352 2523 482 2603 pecudes
504 2523 670 2604 persultant
690 2523 798 2604 pabula
819 2523 895 2586 laeta
1081 2540 1107 2582 aa

98 2619 137 2670 15
156 2619 187 2673 et
209 2611 328 2692 rapidos
350 2619 468 2673 tranant
490 2614 599 2672 amnis:
624 2615 665 2672 ita
688 2620 771 2692 capta
793 2611 894 2693 lepore
1081 2631 1108 2671 m

155 2706 187 2761 te
210 2702 345 2780 sequitur
367 2701 474 2780 cupide
496 2719 553 2778 quo
579 2719 724 2780 quamque
747 2701 889 2762 inducere
911 2703 1020 2781 pergis.
1082 2718 1108 2759 re

156 2788 286 2868 denique
308 2807 363 2868 per
384 2791 477 2849 maria
500 2806 534 2849 ac
556 2791 666 2850 montis
689 2789 854 2868 fluviosque
876 2792 992 2868 rapacis

155 2876 392 2956 frondiferasque
415 2877 517 2937 domos
540 2879 638 2938 avium
660 2895 838 2956 camposque
861 2880 985 2939 virentis

155 2964 294 3026 omnibus
316 2967 464 3026 incutiens
486 2964 626 3026 blandum
648 2984 702 3044 per
724 2973 844 3044 pectora
866 2983 996 3027 amorem

98 3060 136 3111 20
156 3053 250 3115 efficis
273 3061 307 3115 ut
329 3053 440 3134 cupide·
459 3055 621 3132 generatim
645 3053 742 3114 saecla
764 3061 934 3134 propagent.

155 3160 231 3222 quae
256 3144 395 3221 quoniam
417 3160 518 3203 rerum
540 3148 675 3202 naturam
699 3141 760 3201 sola
783 3141 930 3220 gubernas

154 3248 211 3292 nec
235 3232 351 3291 sinete
375 3232 532 3310 quicquam
556 3230 618 3290 dias
642 3232 674 3289 in
696 3229 817 3290 luminis
841 3248 907 3291 oras

155 3321 289 3380 exoritur
311 3336 408 3398 neque
431 3320 464 3379 fit
485 3318 594 3379 laetum
616 3336 713 3396 neque
736 3318 859 3380 amabile
884 3321 1054 3400 quicquam,

153 3412 183 3468 te
209 3409 318 3477 seciam
342 3407 445 3468 studeo
469 3405 634 3467 scribendis
656 3406 793 3471 versibus
816 3426 900 3488 esse,

147 3516 334 3560 Incommod.
348 3517 479 3570 Brlsger.
896 3512 920 3562 b
