2430 3878
550 167 591 221 111

139 322 170 377 et
192 315 271 377 calor
294 317 372 376 inter
395 334 427 376 se
450 318 568 394 vigeant
590 319 747 377 commixta
769 335 822 395 per
845 323 940 397 artus,

139 412 227 484 atque
250 403 321 464 alias
345 403 423 464 aliud
447 404 543 465 subsit
564 407 657 483 magis
681 407 879 485 eminentque,

63 499 173 554 aeaut
196 493 334 572 quiddam
357 494 422 552 fieri
445 493 578 553 videatur
601 492 636 552 ab
661 491 796 552 omnibus
819 511 924 573 unum,

139 599 176 643 ne
200 580 280 642 calor
302 600 336 641 ac
358 587 463 641 ventus
487 599 621 641 seorsum
645 599 835 659 seorsumque
858 588 990 660 potestas

140 671 218 729 aeris
241 671 419 730 interemant
442 687 562 729 sensum
586 668 761 748 diductaque
785 668 906 729 solvant.

140 763 186 818 est
209 759 318 818 etenim
341 757 421 817 calor
443 756 492 817 ille
515 759 625 838 animo,
649 776 736 837 quem
760 759 862 838 sumit,
884 759 915 817 in
938 760 982 817 ira

141 863 208 906 cum
231 846 369 906 fervescit
392 852 421 906 et
444 864 480 905 ex
504 845 596 906 oculis
619 848 708 906 micat
731 848 827 906 acrius
851 845 951 905 ardor:

51 943 121 1009 ¹290
141 941 186 995 est
208 940 238 994 et
260 933 366 1012 frigida
389 933 493 1014 multa,
517 951 616 994 comes
639 934 819 1015 formidinis,
842 952 925 1013 aura,

141 1039 214 1103 quae
238 1024 296 1082 ciet
317 1022 470 1083 horrorem
494 1021 635 1082 membris
660 1029 689 1082 et
712 1024 838 1082 concitat
861 1029 954 1082 artus:

142 1118 187 1172 est
210 1112 298 1171 etiam
321 1128 437 1189 quoqne
460 1112 557 1189 pacati
580 1116 672 1170 status
699 1112 776 1170 aeris
799 1109 862 1190 ille,

139 1206 260 1279 pectore
283 1198 439 1278 tranquillo
464 1201 515 1277 qui
537 1199 570 1259 fit
592 1197 730 1277 voltuque
754 1215 867 1258 sereno.

141 1287 193 1348 sed
216 1286 303 1349 calidi
324 1287 392 1366 plus
416 1294 461 1348 est
483 1286 542 1346 illis
566 1286 673 1365 quibus
697 1288 776 1346 acria
799 1285 886 1346 corda

67 1384 121 1435 295
141 1375 339 1454 iracundaque
362 1394 446 1435 mens
468 1373 553 1435 facile
576 1375 743 1435 effervescit
764 1376 795 1434 in
818 1376 874 1454 ira3

141 1482 199 1543 quo
223 1481 330 1542 genere
354 1465 512 1541 inprimis
535 1465 579 1522 vis
603 1470 648 1523 est
670 1463 796 1523 violenta
818 1461 950 1542 leonum,

140 1559 260 1632 pectora
284 1554 336 1631 qui
357 1552 477 1612 fremitu
499 1558 641 1630 rumpunt
663 1551 836 1631 plerumque
860 1557 1019 1629 gementes.

563 1659 581 1697 *

140 1636 197 1791 ⁸dec
220 1746 324 1808 capere
346 1730 457 1789 irarum
481 1727 588 1788 fluctus
611 1730 643 1788 in
665 1733 785 1806 pectore
808 1733 940 1804 possunt.
958 1723 969 1808 ΙΙ

142 1824 171 1878 at
192 1823 312 1877 ventosa
335 1819 428 1894 magis
452 1834 605 1876 cervorum
628 1815 734 1893 frigida
756 1833 840 1874 meus
864 1822 910 1875 est

66 1914 123 1966 300
142 1913 172 1967 et
193 1904 304 1984 gelidas
328 1907 415 1965 citius
438 1906 626 1982 perviscera
649 1905 776 1964 concitat
798 1922 896 1984 arrras,
977 1925 979 1928 ’

143 2012 217 2073 quae
239 1992 399 2054 tremulum
422 1992 533 2052 faciunt
555 1991 696 2052 membris
720 1993 846 2052 existere
869 1998 991 2052 motum.

143 2089 173 2143 at
194 2089 298 2143 natura
320 2080 410 2141 houm
433 2079 547 2159 placido
570 2083 663 2158 magis
686 2085 754 2139 aere
779 2081 862 2158 vivit,

141 2189 198 2231 nec
219 2171 309 2230 nimis
331 2171 387 2229 irai
409 2169 456 2228 fax
479 2185 619 2246 umquam
642 2166 758 2227 subdita
780 2169 877 2245 percit

142 2258 266 2338 fumida,
290 2256 461 2317 suffundens
485 2274 588 2316 caecae
612 2254 744 2333 caliginis
770 2254 916 2334 umbram,

67 2355 124 2405 806
142 2365 198 2408 nec
221 2345 325 2425 gelidis
348 2353 446 2424 torpet
468 2343 535 2405 telis
558 2344 670 2423 perfixa
691 2346 822 2423 pavoris,

142 2438 361 2513 interutrasque
385 2435 470 2494 sitast
493 2450 594 2494 cervos
618 2450 778 2510 saevosque
801 2431 910 2491 leones.

143 2526 187 2585 sic
209 2523 361 2584 hominum
385 2540 477 2600 genus
501 2528 559 2581 est:
582 2523 714 2600 quamvis
737 2520 870 2580 doctrina
892 2518 1003 2597 politos

144 2614 303 2673 constituat
325 2613 436 2690 pariter
460 2608 615 2690 quosdam,
636 2618 735 2670 tamen
758 2608 807 2668 illa
830 2607 971 2687 relinquit

143 2708 264 2761 naturae
288 2701 430 2778 cuiusque
454 2699 545 2758 animi
566 2699 690 2776 vestigia
711 2699 815 2775 prima.

68 2796 124 2847 810
143 2806 198 2849 nec
221 2787 361 2848 radicitus
385 2785 470 2846 evelli
492 2785 567 2846 mala
590 2803 677 2865 posse
700 2785 903 2864 putandumst,

144 2879 215 2956 quin
237 2875 397 2955 proclivius
419 2874 468 2935 hic
490 2878 550 2935 iras
574 2874 711 2934 decurrat
733 2873 768 2933 ad
791 2874 880 2952 acris,

143 2965 192 3026 ille
215 2972 297 3025 metu
319 2965 406 3024 citius
430 2963 516 3041 paulo
539 2969 711 3042 temptetur,
735 2960 835 3021 atille

142 3055 249 3114 tertius
272 3054 395 3132 accipiat
418 3051 560 3129 quaedam
583 3050 757 3111 clementius
780 3065 882 3126 aequo.

142 3144 231 3221 inque
255 3140 319 3201 aliis
342 3139 432 3201 rebus
455 3139 556 3200 multis
580 3138 698 3199 differre
721 3141 874 3197 necessest

68 3238 123 3288 315
143 3237 263 3291 naturas
285 3230 437 3290 hominum
460 3231 555 3288 varias
577 3244 733 3305 moresque
757 3225 905 3303 sequacis:

143 3336 270 3398 quorum
293 3336 347 3396 ego
370 3335 449 3378 nunc
472 3333 587 3395 nequeo
611 3333 712 3376 caecas
736 3330 882 3392 exponere
905 3329 1009 3372 causas

142 3425 198 3469 nec
220 3409 353 3486 reperire
376 3407 536 3484 figurarum
559 3410 603 3465 tot
625 3405 744 3464 nomina
767 3409 838 3481 quot
862 3407 930 3460 sunt

141 3497 310 3576 principiis,
333 3494 411 3555 unde
434 3493 506 3554 haec
530 3495 624 3553 oritur
646 3493 789 3552 variantia
810 3507 922 3551 rerum.
