2430 3878
97 168 163 233 136
586 167 612 222 V

97 332 150 382 181
168 313 334 392 exemplum
355 331 445 392 porro
468 314 626 392 gignundis
649 313 738 375 rebus
761 315 878 392 etipsa

167 404 288 463 notities
311 402 386 462 divis
408 402 561 463 hominum
583 402 691 462 undest
713 404 801 462 insita
823 404 967 483 primum,

169 490 240 570 qnid
262 488 371 550 vellent
392 489 489 551 laoere
512 498 546 551 ut
568 493 680 551 seirent
701 493 857 569 animoque
880 490 1027 571 viderent,

169 597 262 658 quove
285 577 401 639 modost
422 596 563 656 umquam
585 581 629 638 vis
652 581 768 657 cognita
789 580 1017 658 principiorum,

100 682 149 733 1⁷5
169 667 298 746 quidque
321 669 399 727 inter
422 684 487 726 sese
510 673 676 745 permutato
701 667 803 727 ordine
826 674 962 748 possent,
1062 688 1094 729 ro

98 771 154 822 136
169 758 196 815 si
217 773 277 815 non
299 757 363 832 ipsa
386 753 467 814 dedit
490 757 640 833 specimen
663 761 767 815 natura
790 751 932 815 creandi?
1029 789 1037 803 ι

170 861 296 922 namque
318 844 360 902 ita
382 841 473 903 multa
496 842 591 902 modis
614 842 715 902 multis
737 843 898 921 primordia
921 860 1024 903 rerum

170 950 207 992 ex
229 931 344 991 infinito
367 931 426 990 iam
447 936 580 1010 tempore
603 933 717 1009 percita
738 931 832 1010 plagis
946 998 949 1003 ⁸

169 1018 409 1099 ponderibusque
432 1021 494 1078 suis
517 1035 698 1079 consuerunt
720 1021 834 1080 counita
857 1018 930 1079 lerri

102 1123 152 1173 180
172 1106 406 1185 omnimodisque
430 1109 510 1167 coire
532 1113 619 1185 atque
643 1110 740 1167 omnia
762 1114 976 1187 pertemptare,
1064 1127 1101 1168 no

102 1212 154 1263 191
172 1213 374 1275 quaecumque
397 1197 475 1255 inter
498 1213 530 1255 se
553 1202 674 1274 possent
697 1213 855 1273 congressa
878 1213 994 1275 ereare,

172 1291 288 1344 utnon
311 1285 349 1343 sit
371 1285 493 1363 mirum,
517 1285 595 1343 siin
618 1282 684 1343 talis
708 1283 902 1362 disposituras

172 1371 346 1432 deciderunt
369 1389 485 1451 qnoque
509 1378 538 1431 et
559 1372 591 1431 in
614 1371 681 1431 talis
704 1389 811 1432 venere
834 1378 963 1453 meatus,

173 1459 307 1539 qualibus
330 1459 403 1519 haee
425 1477 526 1519 rerum
548 1461 661 1537 geritur
683 1478 763 1520 nuno
786 1477 900 1520 summa
923 1458 1064 1520 novando.

104 1563 154 1613 185
216 1547 300 1619 Quod
318 1544 347 1608 sa'
364 1549 423 1606 iam
441 1564 542 1607 rerum
561 1549 696 1624 ignorem
713 1547 1104 1627 primordiaqnaesint,1es

101 1652 156 1702 196
172 1636 229 1695 hoo
251 1641 349 1694 tamen
372 1653 408 1694 ex
431 1636 504 1712 ipsis
528 1635 601 1695 oaeli
623 1636 786 1696 rationibus
810 1637 905 1696 ausim

174 1724 347 1783 confirmare
370 1721 494 1800 aliisque
518 1741 554 1782 ex
576 1722 666 1784 rebus
690 1724 814 1784 reddere
836 1722 950 1804 multis,

173 1829 357 1889 nequaquam
379 1808 465 1870 nobis
488 1810 629 1871 dividitus
652 1829 717 1872 esse
740 1818 871 1890 paratam

173 1906 308 1959 naturam
330 1916 444 1958 rernm:
466 1905 546 1959 tanta
568 1906 625 1959 stat
647 1899 779 1979 praedita
802 1899 894 1979 eulpa.

104 2005 155 2054 190
173 1989 320 2066 principio
344 1993 485 2065 quantum
507 1986 581 2047 eaeli
602 1990 676 2065 tegit
698 1990 826 2066 impetus
848 1991 967 2067 ingens,
1068 2008 1109 2049 111

102 2092 159 2143 201
174 2075 243 2136 inde
266 2075 348 2136 avide
371 2081 486 2154 partem
508 2082 624 2135 montes
648 2075 795 2154 silvaeque
819 2075 948 2136 ferarum

173 2163 346 2244 possedere,
369 2170 472 2224 tenent
494 2181 583 2242 rupes
607 2170 763 2242 vastaeque
786 2163 908 2242 paludes
996 2214 997 2217 ,

174 2258 204 2312 et
226 2271 319 2333 mare,
343 2252 421 2330 quod
444 2250 501 2311 late
523 2258 670 2311 terrarum
694 2251 815 2312 distinet
837 2269 912 2312 oras.

173 2340 242 2400 inde
265 2340 338 2400 duas
359 2358 449 2419 porro
472 2357 564 2418 prope
586 2341 680 2418 partis
702 2339 832 2400 fervidus
858 2339 946 2400 ardor

105 2447 154 2494 195
173 2427 372 2506 adsiduusque
396 2427 453 2506 geli
476 2446 561 2487 casus
584 2427 757 2487 mortalibus
780 2428 883 2488 aufert.
1067 2447 1110 2489 sos

102 2515 251 2594 eosquod
275 2523 411 2595 superest
433 2517 507 2595 arvi,
530 2521 628 2576 tamen
651 2515 681 2575 id
704 2518 808 2581 natura
831 2534 884 2576 sna
908 2517 936 2575 11

174 2602 307 2663 sentibus
331 2602 468 2683 obducat,
491 2605 589 2663 nivis
612 2603 739 2665 humana
761 2606 881 2664 resistat

172 2692 243 2751 vitai
266 2709 353 2752 eausa
376 2690 470 2751 valido
494 2697 633 2751 consueta
656 2690 770 2752 bidenti

172 2781 323 2950 li,ngemere
347 2786 378 2839 el
399 2786 509 2840 terram
532 2782 644 2858 pressis
666 2779 858 2859 proscindere
882 2780 996 2839 aratris.

596 2888 614 2924 ιιι

102 2973 154 3023 200
173 2958 200 3016 si
221 2974 282 3016 nou
304 2955 443 3016 fecundas
466 2961 615 3016 vertentes
637 2972 755 3015 vomere
779 2953 879 3033 glebas
1069 2977 1112 3018 111

101 3061 157 3112 211
171 3047 320 3123 terraique
344 3043 439 3104 solum
462 3042 632 3122 subigentes
656 3046 752 3104 rimus
775 3042 811 3102 ad
834 3049 930 3123 ortus,

173 3139 277 3212 sponte
301 3151 354 3192 sua
376 3138 524 3211 nequeant
547 3130 674 3210 liquidas
698 3133 825 3191 existere
847 3133 879 3190 in
898 3149 993 3191 auras.
1011 3129 1022 3211 ΙΙ

173 3228 203 3281 11
224 3227 323 3280 tamen
345 3220 495 3280 interdum
517 3237 623 3297 magno
647 3221 780 3298 quaesita
803 3215 903 3278 labore

172 3327 241 3369 oum
263 3311 397 3387 iamper
419 3315 514 3368 terras
537 3307 675 3369 frondent
697 3314 785 3386 atque
809 3309 907 3366 omnia
930 3306 1050 3387 llorent,

102 3414 153 3462 205
173 3403 223 3456 aut
245 3398 344 3456 nimiis
367 3403 462 3457 torret
484 3394 648 3456 fervoribus
673 3396 821 3456 aetherius
845 3394 889 3455 sol
1069 3417 1111 3458 rra

92 3500 157 3551 210⁶
166 3492 219 3547 aut
239 3483 332 3546 subiti
355 3490 514 3566 peremunt
535 3483 640 3544 imbris
664 3483 836 3563 gelidaeque
859 3485 997 3565 pruinae,
