2430 3878
580 163 619 218 IV
1045 166 1106 230 111

101 328 151 378 555
172 318 202 370 55
225 309 331 389 gelidis
354 314 439 390 cycni
461 320 548 373 noete
571 315 631 373 oris
655 331 691 373 ex
714 313 863 374 Heliconis
1069 334 1111 378 555.

100 415 155 467 546
172 418 240 460 cum
262 398 405 478 liquidam
427 399 534 461 tollunt
556 400 676 480 lugubri
698 420 769 462 voce
793 401 961 481 querellam.
980 399 990 480 ΙΙ

216 487 310 548 Hasce
333 490 423 566 igitur
446 491 564 567 penitus
587 508 673 550 voces
697 508 764 550 cum
787 509 910 570 corpore
933 499 1035 552 nostro

172 579 365 656 exprimimus
389 585 528 656 rectoque
552 576 630 637 foras
653 581 815 639 emittimus
839 596 904 660 ore,

172 664 290 725 mobilis
313 665 448 725 articulat
470 664 629 726 verborum
652 667 771 727 daedala
794 667 906 748 lingua,

99 769 153 820 535
172 754 391 832 formaturaque
414 752 564 813 labrorum
587 773 640 833 pro
664 762 747 833 parte
770 756 884 833 ligtuat.
1069 776 1112 818 555

99 841 228 910 551hoo
251 840 303 901 ubi
326 860 386 902 non
408 841 528 920 longum
551 845 707 920 spatiumst
729 843 808 903 unde
831 861 889 903 una
912 843 1043 922 profecta

172 932 324 1008 perveniat
345 948 402 989 vox
426 949 572 1009 quaeque,
595 939 746 991 necessest
769 930 858 991 verba
881 950 998 1010 quoque
1020 934 1085 1010 ipsa

172 1017 257 1096 plane
281 1019 414 1078 exaudiri
438 1018 626 1098 discernique
650 1019 839 1080 articulatimz
1070 1040 1109 1082 555

172 1114 269 1166 servat
292 1109 371 1166 enim
394 1107 585 1167 formaturam
608 1115 762 1185 servatque
785 1108 917 1185 liguram,

102 1210 154 1260 540
173 1201 203 1255 at
225 1197 253 1255 si
275 1196 482 1274 interpositum
507 1197 633 1274 spatium
657 1198 696 1255 515
718 1195 834 1274 longius
858 1213 965 1275 aequo,

102 1298 158 1350 656
174 1288 241 1344 aera
264 1301 318 1361 per
340 1283 466 1344 multum
488 1282 628 1343 conlundi
651 1284 740 1343 verba
763 1292 915 1345 necessest

174 1379 204 1432 55
227 1370 397 1431 conturbari
419 1389 534 1452 vocem,
557 1371 628 1432 dum
650 1372 810 1432 transvolat
832 1391 926 1432 auras.

174 1477 244 1538 ergo
268 1461 313 1540 fit,
336 1463 465 1520 sonitum
487 1467 521 1520 ut
543 1462 639 1538 possis
664 1463 788 1541 sentire,
813 1479 909 1540 neque
932 1459 1012 1520 illam
1071 1483 1110 1524 555
1198 1474 1200 1479 ’

173 1551 388 1629 internoscere,
411 1547 569 1608 verborum
593 1551 737 1608 sententia
761 1568 835 1628 quae
859 1551 910 1609 sit:

101 1653 153 1702 645
172 1655 267 1716 usque
290 1637 363 1696 adeo
387 1637 507 1696 contusa
530 1639 610 1696 venit
632 1655 687 1696 vox
710 1640 800 1717 inque
823 1638 930 1717 pedita.

102 1732 326 1804 661555555555
349 1724 472 1785 verbum
495 1743 583 1803 saepe
606 1743 699 1786 unum
720 1728 834 1804 perciet
856 1729 935 1786 auris

174 1812 311 1874 omnibus
334 1815 365 1873 in
388 1811 510 1893 populo,
533 1815 657 1874 missum
680 1816 834 1892 praeconis
858 1813 893 1873 ab
917 1833 977 1874 ore.

173 1904 205 1962 in
227 1900 334 1963 multas
356 1903 447 1979 igitur
469 1919 556 1961 voces
579 1920 634 1961 vox
657 1919 715 1961 una
738 1910 859 1981 repente

174 1990 301 2070 diffugit,
324 1992 356 2049 in
379 1992 476 2068 privas
500 1992 638 2068 quoniam
662 2008 693 2050 se
717 1990 821 2066 dividit
844 1993 936 2070 auris,

102 2094 155 2144 550
174 2078 332 2157 obsignans
356 2079 478 2137 sormam
504 2078 587 2138 verbi
610 2077 779 2156 clarumque
804 2096 949 2138 sonorem.

102 2182 159 2234 666
173 2175 202 2227 55
225 2184 299 2246 quae
321 2185 390 2244 pars
413 2184 518 2226 vocum
539 2184 599 2225 non
623 2167 702 2225 auris
725 2166 830 2226 incidit
852 2168 945 2245 ipsas,

173 2254 349 2334 praeterlata
371 2256 450 2333 perit
471 2255 581 2314 frustra
604 2254 710 2314 diffusa
732 2272 785 2332 per
809 2272 908 2313 auras:

174 2361 242 2421 pars
266 2343 368 2403 solidis
392 2342 484 2402 adlisa
506 2342 578 2402 15515
601 2344 711 2402 reiecta
735 2359 871 2401 sonorem
1070 2363 1111 2403 555
1205 2341 1208 2348 ’

174 2430 272 2492 reddit
295 2437 324 2491 et
346 2431 496 2491 interdum
518 2431 679 2490 frustratur
700 2431 828 2508 imagine
851 2429 941 2490 verbi

103 2534 156 2584 655
176 2537 249 2598 quae
272 2518 347 2579 bene
371 2537 439 2579 cum
460 2519 574 2598 videaS,
596 2520 741 2578 rationem
764 2518 888 2579 reddere
911 2520 1009 2598 possis

103 2623 156 2675 571
176 2614 239 2668 tute
261 2607 317 2667 tibi
340 2615 427 2686 atque
451 2607 529 2687 aliis,
553 2625 610 2685 quo
633 2614 718 2686 pacto
741 2626 795 2685 per
817 2607 881 2668 loca
905 2606 966 2667 sola

176 2713 244 2756 saxa
266 2697 346 2774 paris
369 2696 477 2755 formas
500 2695 658 2755 verborum
681 2714 717 2756 ex
741 2696 843 2755 ordine
867 2695 1004 2776 reddant,

174 2782 299 2862 palantis
323 2785 445 2844 comites
469 2802 536 2844 cum
560 2785 668 2843 montis
691 2786 769 2844 inter
793 2801 899 2862 opacos

176 2874 344 2951 quaerimus
368 2878 397 2932 55
419 2890 525 2950 magna
548 2872 698 2951 dispersos
721 2890 792 2931 voce
816 2873 936 2931 olemus.

64 2990 70 2994 ·
103 2977 156 3026 565
175 2978 227 3020 sex
250 2962 339 3021 etiam
362 2966 412 3020 aut
435 2968 548 3040 septem
570 2959 634 3020 loca
657 2960 718 3020 vidi
741 2959 865 3020 reddere
888 2960 983 3040 vocis,

103 3065 158 3116 576
172 3067 262 3109 unam
285 3067 353 3109 cum
375 3051 501 3109 iaceres:
523 3051 564 3108 ita
588 3047 677 3108 colles
701 3047 824 3108 collibus
848 3049 905 3125 ipsi

173 3136 263 3197 verba
285 3136 470 3216 repulsantes
493 3135 638 3196 iterabant
661 3136 746 3195 docta
768 3136 883 3195 referri.

174 3225 247 3286 haec
269 3224 333 3286 loca
356 3224 529 3304 capripedes
552 3232 665 3303 satyros
689 3224 890 3302 nymphasque
914 3231 1015 3283 tenere
1071 3244 1111 3286 555

174 3315 293 3374 finitimi
315 3315 441 3393 fingunt,
465 3320 495 3372 et
516 3313 619 3372 launos
643 3330 710 3373 esse
732 3311 883 3391 locuntur,

102 3418 155 3468 565
175 3421 300 3482 quorum
323 3404 475 3479 noctivago
498 3403 623 3479 strepitu
646 3399 774 3478 ludoque
798 3402 907 3460 iocanti

102 3507 155 3559 661
172 3492 327 3552 adfirmant
348 3490 432 3568 volgo
455 3491 601 3549 taciturna
625 3488 742 3549 silentia
765 3490 877 3568 rumpi,
