2430 3878
151 145 251 198 LXXII
514 143 795 200 PROLEGOMENA.

151 293 187 352 ut
207 289 306 353 sciret
328 288 490 370 animoque
511 289 634 354 uideret
656 290 713 362 00.
731 291 784 352 Μτ.
820 289 934 353 sedeat
950 338 956 351 .
971 337 1001 352 ..
1022 288 1160 353 viderent

151 379 213 439 Lm.
241 379 287 459 Β,
318 397 378 439 non
404 383 500 458 ignari
526 379 570 440 illi
597 380 728 460 quidem,
757 380 808 440 sed
835 389 933 440 tamen
960 381 1159 459 immemores,

153 486 226 546 quae
245 467 372 546 Epicuro
395 469 427 528 in
450 467 586 528 omnibus
608 468 761 528 hominum
783 467 914 528 consiliis
932 470 1158 547 praenotionum

152 589 194 598 -
209 553 389 636 προλήψεις
406 565 489 616 vocat
503 590 545 598 —
560 564 659 616 essent
672 564 779 635 partes
807 557 843 617 cf.
858 575 932 636 quae
947 558 1056 635 scripsi
1073 557 1106 617 in
1124 554 1158 615 li·

151 643 228 704 hello
248 662 306 722 quo
324 644 446 722 Epicuri
468 644 504 704 de
524 646 619 704 anima
638 644 801 705 doctrinam
823 644 946 725 explico,
968 663 996 723 p.
1017 641 1068 706 19.
1091 643 1157 704 vide

153 735 240 792 etiam
263 732 346 811 qu.
369 766 411 774 —
437 729 523 794 1044
542 751 584 812 sq.
611 731 640 793 si
659 734 869 796 ...notovitz
897 735 1028 813 οοῖοοεῖ,
1056 739 1159 793 contra

153 828 336 881 constantem
365 820 511 880 honorum
542 823 719 899 scriptorum
746 840 846 900 usum,
873 819 931 892 00.
958 820 1020 881 Lm.
1045 820 1079 881 Β.
1104 819 1158 881 Mr.

153 943 195 951 —
226 906 312 971 1050
339 928 382 988 sq.
409 925 560 990 mapula
587 905 760 970 Molossum
787 905 895 970 mollio
919 907 999 971 ricta
1021 906 1162 988 frenant

154 995 212 1068 00.
235 997 321 1075 vulgo
345 1004 411 1057 ante
434 997 667 1078 Lachmannum,
693 1001 744 1077 qui
766 997 914 1058 levissima
937 999 1050 1057 ratione
1074 996 1159 1057 allata

152 1103 268 1165 mupato
294 1089 326 1145 in
351 1083 488 1147 οοοοοοῖο
514 1088 653 1164 corrupit.
677 1120 719 1128 -
743 1082 828 1148 1056
856 1101 970 1149 veros
994 1083 1161 1147 incitantur

227 1171 356 1235 haustus
378 1175 447 1233 Tan.
470 1174 572 1234 Faber.
595 1176 710 1235 ῖεοετοο
731 1171 896 1234 imitentur
917 1192 976 1234 non
999 1181 1080 1234 τεοῖο
1099 1171 1161 1245 00.

153 1262 206 1322 Μτ.
230 1264 344 1323 ῖεοετοο
366 1259 552 1323 minitantia
569 1261 631 1321 Lm.
649 1262 680 1321 B.
700 1296 742 1304 —
763 1259 848 1325 1063
864 1260 1023 1341 fremitum
1037 1258 1162 1340 patulis

154 1350 213 1413 ibi
238 1347 368 1410 caribus
395 1348 457 1411 edit
482 1348 525 1410 ud
550 1367 653 1411 ormo:
683 1347 739 1411 sub
762 1349 820 1421 00.
847 1347 901 1412 ubi
922 1350 999 1431 Lm,
1022 1350 1096 1410 illud
1119 1347 1164 1412 ud

154 1455 246 1500 ormo
273 1438 309 1498 de
336 1456 443 1498 venere
472 1438 531 1498 dici
559 1456 617 1498 non
645 1446 725 1499 recte
748 1457 871 1519 negans,
893 1439 925 1499 B.
948 1472 991 1481 —
1016 1434 1101 1500 1069
1125 1437 1163 1501 de

154 1525 235 1588 victu
261 1527 378 1586 οοτῖοοῖ
396 1518 581 1604 proeduqiie
608 1519 641 1609 (i.
666 1545 690 1586 ε.
718 1534 748 1587 et
775 1527 810 1587 de
837 1520 960 1610 praeda)
987 1529 1165 1606 repupuuut

156 1613 187 1675 0.
212 1632 287 1674 οοττ.
310 1613 396 1692 vulgo
419 1621 486 1674 ante
508 1613 738 1675 Lachmannum:
759 1614 971 1694 praedataque
993 1614 1051 1687 OQ.
1068 1633 1164 1694 proe-

155 1701 269 1781 dueque
290 1701 365 1762 male
387 1700 450 1762 Lm.
472 1701 504 1762 B.
527 1702 593 1783 Μτ.,
623 1706 707 1781 quasi
729 1706 826 1782 pisces
849 1703 884 1764 ab
913 1703 1015 1764 avibus
1037 1707 1163 1765 marinis

157 1794 234 1869 capti
252 1793 297 1851 eis
315 1808 479 1868 repugnare
499 1790 611 1851 soleant
629 1798 671 1871 et,
694 1799 727 1851 ut
745 1791 775 1851 id
798 1793 864 1852 lieri
881 1810 968 1871 posse
992 1792 1164 1873 concedam,

156 1881 250 1956 mergi
268 1880 365 1956 pisces
383 1886 479 1938 rostro
498 1885 633 1939 tenentes
652 1882 771 1939 omnino
791 1898 878 1940 voces
896 1883 1014 1940 mittere
1037 1883 1165 1959 possint.

158 1962 373 2029 1078-1091
395 1959 719 2050 (1091-11041111.)
742 1976 822 2029 recte
840 1967 1044 2029 Lachmannus
1067 1968 1165 2031 seclu-

157 2057 204 2135 sit,
220 2051 435 2116 1092-1147
451 2072 510 2114 non
524 2062 614 2135 recte,
628 2055 696 2115 inde
711 2073 727 2114 a
741 2074 829 2116 versu
845 2053 928 2118 1092
944 2058 1024 2118 enim
1037 2075 1072 2117 ea
1085 2057 1164 2118 rele-

156 2150 271 2223 runtur,
295 2161 369 2221 quae
388 2145 452 2202 sine
471 2142 587 2221 linguae
608 2162 664 2204 usu
683 2162 748 2204 esse
767 2162 826 2204 non
844 2152 988 2223 poterant.
1010 2143 1165 2224 Kanneng.

158 2232 227 2292 diss.
246 2250 274 2310 p.
294 2227 339 2291 34
355 2249 381 2290 v.
402 2228 620 2292 1091-1104
638 2240 704 2291 ante
724 2229 809 2294 1136
831 2232 969 2294 collocari
990 2232 1059 2313 vult,
1083 2234 1165 2312 quod

157 2319 278 2398 probavi
296 2321 328 2378 in
347 2337 413 2380 ann.
431 2318 548 2380 Lucret.
569 2317 653 2382 1879
672 2338 699 2398 p.
719 2316 793 2400 206,
813 2320 864 2381 sed
882 2339 986 2381 versus
1002 2318 1179 2401 11235110.-

157 2407 273 2467 vinculo
298 2407 423 2485 quodam
441 2426 508 2468 cum
532 2409 575 2467 eis
599 2426 672 2486 quae
694 2404 911 2470 1107-1115
935 2411 1054 2488 scripsit
1076 2417 1165 2488 poeta

158 2496 305 2555 contineri
322 2494 467 2555 videntur.
483 2529 525 2537 -
546 2492 630 2557 1093
648 2493 683 2557 lei
699 2493 913 2558 monstrabunt
927 2493 1011 2559 relru'
1029 2495 1167 2576 deniqui

157 2581 220 2642 Lm.
234 2582 266 2641 B.
280 2580 346 2640 Mr.:
368 2578 457 2643 rebus
478 2585 507 2644 et
522 2581 590 2662 ipati
607 2581 665 2654 00.
688 2581 727 2645 ub
745 2582 813 2664 iqui
830 2584 919 2646 Goeb.
938 2592 1049 2665 quaest
1068 2604 1097 2664 p.
1110 2583 1167 2667 26,

158 2672 256 2731 omnia
280 2668 434 2730 dissimilia
456 2672 590 2731 afferens.
609 2704 652 2716 -
677 2669 760 2734 1099
783 2671 921 2752 uiresque
941 2668 1178 2752 ’169100111ΟοΙ

157 2761 289 2819 restituit
302 2758 420 2820 Vahlen.
440 2760 499 2821 ind.
518 2760 583 2821 lect.
600 2760 696 2821 Berol.
713 2757 864 2841 1880181:
887 2758 943 2821 ‘sie
962 2754 1081 2838 galten’‚
1099 2752 1165 2820 ‘he-

158 2845 297 2907 deuteten
316 2844 418 2908 etwas'
437 2851 574 2927 viresque
591 2846 734 2927 piperque
750 2848 845 2910 Lm.B.
864 2847 995 2928 opelius
1012 2847 1045 2909 Τ.
1058 2845 1165 2908 Faber.

156 2934 193 2994 M.
221 2969 263 2978 —
293 2932 376 2997 1131
394 2955 436 3015 sq.
469 2944 535 2997 ante
570 2934 653 2999 1127
681 2937 719 2997 Μ.
752 2937 856 2998 melius
890 2956 977 3015 quam
1003 2928 1084 3017 Lm,
1111 2937 1165 3015 qui

159 3020 242 3083 1131
260 3041 323 3101 sqq.
347 3031 415 3102 post
439 3021 525 3086 1135
548 3025 677 3085 collocat.
700 3058 745 3070 —
770 3023 851 3086 1147
876 3027 906 3087 et
921 3021 1017 3087 celata
1036 3024 1112 3087 diet
1128 3021 1166 3085 iu

156 3108 292 3171 medium
312 3113 440 3189 peccato
466 3110 582 3174 dedisse
604 3113 716 3175 Marull.
738 3131 764 3173 v.
790 3114 826 3173 ad
848 3113 885 3172 lV
908 3111 972 3176 723
993 3110 997 3194 Ι
1016 3108 1104 3174 mala
1128 3110 1167 3173 io

156 3196 292 3260 medium
314 3201 343 3260 ct
359 3199 420 3260 Lm.
440 3200 486 3282 M,
510 3200 561 3260 sed
584 3197 670 3261 molo
692 3220 752 3262 non
775 3202 811 3261 ad
834 3220 905 3262 rem.
928 3235 973 3244 -
998 3198 1082 3263 1176
1104 3200 1168 3263 eol

157 3290 186 3349 εῖ
202 3283 290 3348 lucu:
313 3305 375 3349 noc
393 3291 422 3349 et
438 3284 515 3350 luno
532 3287 590 3359 00.
604 3289 641 3348 M.
660 3284 714 3351 lucc
728 3336 752 3350 ..
771 3289 875 3350 Lm.B.
890 3324 932 3333 -
949 3287 1041 3355 1177Ι
1052 3288 1168 3353 alm

157 3374 221 3437 dies
249 3375 346 3436 Bkm.:
379 3373 455 3438 luno
485 3377 549 3437 dies
581 3375 653 3458 00,
686 3377 750 3438 edd.
783 3378 907 3440 fortasse
939 3385 1033 3458 recte,
1065 3377 1102 3438 el.
1130 3376 1167 3438 ad

146 3461 319 3542 11159sq.
358 3462 457 3526 noctis
476 3463 569 3547 sipon
595 3481 738 3529 severae:
765 3482 870 3528 secem
892 3465 950 3538 00.
969 3465 1022 3527 Μτ.
1058 3481 1169 3529 coeco
