2430 3878
164 192 227 256 142
650 192 677 245 V

161 356 213 406 401
232 338 397 400 deturbavit
421 340 505 416 equis
528 340 559 399 in
582 346 705 419 terram,
729 338 831 417 solque
854 339 972 400 cadenti

233 426 336 487 obvius
359 433 509 486 aeternam
532 429 665 505 succepit
687 426 820 506 lampada
842 428 958 508 mundi,

232 515 432 594 disiectosque
455 514 570 592 redegit
593 533 686 593 equos
709 517 864 594 iunxitque
886 519 1056 598 trementis,

232 604 301 664 inde
325 622 412 664 suum
434 621 489 681 per
511 605 568 662 iter
591 606 737 663 recreavit
760 611 865 664 cuncta
888 603 1070 686 gubernans,

163 708 214 758 000
233 691 359 772 scilicet,
382 697 415 750 ut
437 697 552 750 veteres
576 689 696 751 Graium
719 694 854 752 cecinere
876 698 989 771 poetae.
1125 714 1157 756 no

163 797 218 848 400
233 781 310 858 quod
333 778 475 859 procula
498 797 567 839 vera
590 780 679 839 nimis
704 786 749 839 est
771 783 885 840 ratione
910 781 1071 860 repulsum.

233 871 310 947 ignis
334 869 413 926 enim
438 885 579 945 superare
602 874 700 946 potest
721 867 774 927 uhi
796 870 930 929 materiai

233 975 269 1016 ex
291 957 407 1015 infinito
431 962 501 1015 sunt
524 973 647 1034 corpora
669 955 753 1034 plura
776 964 888 1039 coorta,

657 1063 674 1101 e

232 1133 301 1193 inde
324 1133 432 1193 cadunt
455 1134 534 1192 vires
557 1131 654 1210 aliqua
676 1134 789 1192 ratione
814 1135 955 1214 revictae,

162 1238 215 1288 400
234 1228 283 1281 aut
305 1227 432 1300 pereunt
453 1239 503 1280 res
526 1227 646 1280 exustae
669 1220 835 1281 furentibus
858 1224 948 1282 auris.
1128 1246 1166 1286 no

163 1326 215 1376 111
232 1328 318 1370 umor
340 1312 411 1369 item
435 1308 582 1386 quondam
606 1311 702 1387 coepit
725 1328 866 1388 superare
890 1316 1022 1391 coortus,

233 1405 266 1458 ut
288 1398 406 1478 famam,
427 1397 581 1456 hominum
604 1397 710 1457 multas
733 1397 848 1476 quando
872 1397 972 1458 obruit
994 1398 1093 1459 urbis:

233 1486 302 1546 inde
325 1484 377 1545 ubi
399 1487 444 1544 vis
468 1485 564 1563 aliqua
587 1487 699 1545 ratione
724 1503 825 1545 aversa
847 1489 985 1566 recessit,

234 1592 270 1634 ex
292 1574 407 1632 infinito
430 1573 525 1633 fuerat
549 1591 750 1651 quaecumque
773 1581 887 1655 coorta,

162 1678 214 1729 405
234 1665 430 1722 constiterunt
451 1660 562 1720 imbres
586 1667 616 1720 et
637 1661 759 1721 flumina
781 1664 840 1722 vim
862 1664 1042 1724 minuerunt.
1129 1686 1168 1727 415

162 1767 216 1817 116
277 1749 335 1810 Sed
359 1748 465 1828 quibus
488 1748 537 1808 ille
560 1748 655 1808 modis
679 1752 830 1810 coniectus
853 1753 988 1811 materiai

233 1838 362 1898 fundarit
385 1844 495 1897 terram
518 1843 549 1897 et
570 1837 683 1897 caelum
705 1840 847 1916 pontique
869 1839 1029 1921 profunda,

234 1925 305 1986 solis
328 1925 409 1986 lunai
432 1943 549 2006 cursus,
573 1944 609 1985 ex
632 1926 735 1986 ordine
759 1945 873 2005 ponam.

233 2032 300 2074 nam
323 2022 403 2074 certe
426 2032 521 2092 neque
545 2013 668 2073 consilio
691 2015 852 2092 primordia
874 2033 976 2075 rerum

162 2120 214 2168 410
233 2102 336 2162 ordine
360 2121 391 2162 se
416 2120 469 2162 suo
493 2121 625 2181 quaeque
649 2105 747 2180 sagaci
768 2109 866 2162 mente
888 2102 1025 2164 locarunt
1128 2129 1170 2169 420

162 2207 216 2258 121
233 2209 288 2251 nec
312 2209 385 2270 quos
409 2209 541 2269 quaeque
565 2190 670 2250 darent
692 2197 789 2250 motus
811 2193 951 2270 pepigere
974 2192 1123 2274 proiecto,

233 2279 284 2339 sed
308 2281 377 2357 quia
399 2278 491 2339 multa
513 2278 609 2339 modis
632 2277 732 2338 multis
755 2280 917 2357 primordia
939 2298 1042 2340 rerum

233 2386 269 2426 ex
292 2368 406 2427 infinito
429 2369 488 2426 iam
509 2373 642 2445 tempore
666 2369 778 2445 percita
801 2367 894 2446 plagis

231 2454 471 2534 ponderibusque
495 2457 556 2514 suis
580 2462 761 2516 consuerunt
784 2458 897 2516 concita
920 2456 993 2516 ferri

161 2559 213 2608 415
233 2542 465 2620 omnimodisque
489 2545 568 2602 coire
592 2549 679 2621 atque
702 2545 800 2603 omnia
821 2550 1034 2624 pertemptare,
1128 2569 1169 2609 mc

162 2647 217 2698 126
233 2648 434 2709 quaecumque
457 2633 535 2690 iuter
558 2649 590 2690 se
613 2638 735 2710 possent
758 2650 915 2710 congressa
938 2650 1072 2713 creare‚.

231 2725 387 2798 propterea
410 2719 444 2778 fit
466 2721 510 2778 uti
531 2737 670 2797 magnum
693 2719 804 2797 volgata
826 2738 881 2799 per
903 2738 1005 2780 aevom

231 2825 317 2867 omne
340 2825 433 2886 genus
456 2813 558 2868 coetus
581 2814 611 2867 et
633 2815 730 2868 motus
754 2808 935 2887 experiundo

231 2896 350 2955 tandem
373 2898 547 2956 conveniant
570 2913 604 2954 ea
627 2915 700 2974 quae
725 2903 864 2956 convecta
886 2904 1008 2975 repente

160 3000 212 3049 420
231 3002 401 3062 magnarum
424 3003 524 3044 rerum
547 2985 622 3043 fiunt
645 2984 764 3044 exordia
787 3003 887 3064 saepe,
1127 3009 1168 3049 ceo

160 3087 211 3137 431
229 3075 319 3132 terrai
341 3073 431 3131 maris
454 3079 485 3132 et
507 3071 581 3132 caeli
604 3074 780 3150 generisque
803 3075 993 3133 animantum.

273 3159 329 3220 Hic
350 3179 446 3239 neque
469 3168 533 3220 tum
556 3159 627 3220 solis
651 3168 716 3220 rota
738 3163 819 3220 cerni
843 3160 953 3221 lumine
977 3160 1059 3240 largo

230 3247 382 3308 altivolans
404 3256 520 3327 poterat
542 3266 597 3308 nec
620 3251 719 3327 magni
742 3249 839 3309 sidera
861 3248 964 3309 mundi

229 3355 285 3396 nec
308 3355 389 3396 mare
413 3355 468 3397 nec
491 3336 603 3396 caelum
625 3355 681 3397 nec
704 3337 831 3415 denique
854 3344 934 3398 terra
957 3356 1054 3417 neque
1079 3343 1131 3398 aer

156 3440 210 3489 425
228 3443 284 3484 nec
308 3424 413 3485 similis
436 3427 546 3485 nostris
569 3423 658 3484 rebus
682 3443 730 3485 res
754 3424 812 3485 ulla
835 3425 942 3508 videri,
1126 3448 1166 3488 cac

141 3513 272 3579 carseo
294 3533 372 3577 nova
395 3520 560 3598 tempestas
583 3512 730 3595 quaedam
747 3513 899 3592 moiesque
922 3521 1023 3574 coorta
1125 3538 1165 3578 nc
