2430 3878
378 817 421 901 r.
444 817 672 903 Lucerem
692 779 828 904 ‘clm

242 968 332 1066 DE
377 969 630 1070 RERUM
674 970 963 1069 NATURA

425 1143 558 1207 emere
581 1141 779 1220 culmus,

153 1429 225 1500 Quis
248 1430 327 1508 potis
350 1435 395 1488 est
417 1428 539 1506 dignum
561 1428 685 1507 pollenti
707 1435 826 1508 pectore
851 1447 970 1490 carmen

153 1517 280 1579 condere
302 1535 356 1595 pro
380 1535 480 1576 rerum
503 1518 654 1577 maiestate
677 1517 782 1595 hisque
806 1515 954 1596 repertis?

154 1608 255 1685 quisve
277 1605 354 1665 valet
376 1604 473 1665 verbis
496 1612 623 1686 tantum,
646 1607 698 1684 qui
720 1606 831 1684 lingere
855 1605 956 1667 laudes

152 1712 207 1773 pro
229 1695 344 1753 meritis
367 1695 432 1753 eius
454 1695 560 1773 possit,
584 1695 635 1773 qui
657 1693 726 1754 talia
749 1692 835 1753 nohis

118 1798 134 1847 5
153 1788 272 1861 pectore
295 1787 378 1859 parta
402 1798 454 1841 suo
478 1783 667 1860 quaesitaque
690 1783 821 1860 praemia
844 1777 952 1860 liquit?

152 1878 253 1950 nemo,
275 1876 309 1928 ut
332 1870 449 1947 opinor,
473 1871 529 1928 erit
550 1868 667 1929 mortali
690 1888 812 1948 corpore
836 1879 944 1930 cretus.

153 1976 220 2018 nam
244 1959 282 2037 si,
305 1963 338 2016 ut
361 1959 425 2035 ipsa
447 1958 521 2035 petit
543 1959 680 2017 maiestas
704 1960 819 2036 cognita
842 1975 956 2037 rerum,

152 2045 351 2125 dicendumst,
375 2044 448 2105 deus
470 2042 520 2103 ille
543 2045 611 2124 fuit,
634 2045 720 2125 deus,
743 2044 852 2124 inclyte
874 2045 1007 2126 Memmi,

153 2136 204 2212 qui
226 2135 365 2212 princeps
388 2135 464 2193 vitae
487 2133 630 2192 rationem
652 2135 766 2193 invenit
787 2151 852 2192 eam
876 2152 949 2212 quae

100 2239 134 2288 10
154 2240 232 2282 nunc
255 2221 417 2301 appellatur
440 2223 596 2301 sapientia,
620 2223 728 2301 quique
751 2238 805 2300 per
828 2228 921 2281 artem

153 2308 292 2369 fluctibus
315 2327 331 2368 e
354 2311 444 2369 tantis
466 2312 556 2369 vitam
578 2312 725 2388 tantisque
748 2308 880 2369 tenebris

153 2400 184 2457 in
206 2404 267 2457 tam
289 2396 448 2475 tranquillo
472 2404 501 2457 et
524 2403 584 2457 tam
607 2397 684 2457 clara
707 2396 772 2457 luce
795 2396 909 2459 locavit.

153 2486 255 2545 confer
277 2488 358 2545 enim
381 2486 478 2546 divina
501 2484 626 2545 aliomm
648 2487 766 2563 antiqua
789 2493 915 2564 reperta.

153 2591 279 2651 namque
304 2573 393 2633 Ceres
416 2573 510 2633 fertur
532 2573 632 2652 fruges
654 2572 800 2652 Liberque
824 2572 947 2652 liquoris

101 2679 133 2726 15
153 2662 276 2738 vitigeni
297 2660 414 2720 laticem
436 2660 610 2721 mortalibus
632 2663 808 2741 instituisse,

153 2767 220 2810 eum
242 2755 341 2808 tamen
364 2748 410 2808 his
433 2756 535 2827 posset
557 2751 620 2810 sine
643 2748 732 2809 rebus
754 2751 813 2808 vita
836 2766 968 2829 manere,

152 2844 186 2898 ut
208 2837 312 2897 lamast
335 2836 447 2915 aliquas
471 2839 559 2897 etiam
581 2855 659 2897 nunc
681 2840 778 2896 vivere
802 2838 910 2915 gentis:

152 2924 279 2986 athene
303 2943 363 2985 non
385 2931 501 3004 poterat
524 2927 587 2985 sine
610 2944 684 3004 puro
707 2930 826 3003 pectore
849 2927 919 3005 vivi3

153 3032 210 3093 quo
233 3016 327 3092 magis
350 3014 398 3072 hic
422 3015 528 3073 merito
552 3013 636 3074 nohis
659 3013 732 3073 deus
756 3030 821 3073 esse
843 3013 972 3094 videtur,

98 3119 132 3166 20
152 3121 188 3163 ex
212 3121 270 3182 quo
293 3120 372 3163 nunc
395 3103 484 3160 etiam
506 3119 560 3180 per
583 3120 702 3180 magnas
725 3101 817 3162 didita
839 3103 934 3180 gentis

152 3190 249 3251 dulcia
271 3189 457 3269 permulcent
479 3191 592 3249 animos
615 3190 721 3250 solacia
743 3191 828 3249 vitae.

151 3279 287 3339 Herculis
310 3281 451 3338 antistare
475 3284 574 3337 autem
597 3279 623 3336 si
646 3279 720 3337 facta
743 3277 875 3358 putabis,

151 3367 268 3446 longius
292 3386 308 3427 a
331 3385 399 3427 vera
422 3365 515 3425 multo
538 3367 651 3424 ratione
674 3366 778 3426 ferere.

152 3456 222 3534 quid
245 3455 409 3517 Nemeaeus
432 3457 513 3516 enim
534 3452 622 3514 nohis
642 3471 724 3515 uuuc
743 3471 872 3532 mospius
887 3451 993 3511 mistus

878 3549 917 3604 *o*
