2430 3878
428 196 708 254 PROLEGOMENA.
994 194 1071 252 XVII

62 340 160 426 1875,
192 346 391 405 demonstravi
423 364 489 407 ann.
521 345 621 425 philol.
653 365 682 425 p.
706 343 779 427 623,
811 352 841 406 et
873 345 1071 405 demonstravi

60 433 198 512 exemplo
230 432 472 494 luculentissimo.
521 435 571 494 hic
606 436 735 513 primum
769 436 839 494 sciri
870 440 987 512 oportet
1013 431 1070 493 Lu-

61 524 189 583 cretium
212 523 253 582 ita
275 539 392 600 quoque
415 523 550 583 versibus
573 523 715 583 iterandis
734 522 883 602 delectari,
905 529 939 582 ut
958 541 993 582 ex
1013 521 1069 581 alio

61 610 130 671 loco
148 612 283 688 repetitis
301 627 392 669 novos
411 611 558 691 adiungat,
576 610 656 671 velut
674 610 691 671 l.
710 610 724 670 l
741 610 876 671 versibus
897 604 1069 672 140-142

61 695 145 761 tnnc
175 696 270 777 opiter
301 699 446 759 terrorem
477 696 578 760 animi
609 706 665 760 cto.-
697 701 728 759 in
755 698 773 758 l.
796 698 822 758 ll
849 701 983 776 repetitis
1015 697 1070 757 hos

61 789 239 866 praemittit:
257 802 333 847 nam
346 782 438 847 veluti
449 785 544 865 pueri
557 793 621 867 etc,
639 805 683 847 vv.
698 783 837 849 55-58.
870 786 966 846 simile
985 785 1069 863 quid-

62 875 132 935 dam
155 875 225 934 facit
246 877 278 935 in
302 893 336 934 ea
359 877 575 952 comparatione
599 894 673 954 quac
697 882 743 936 est
763 876 910 935 variarum
928 875 1068 934 materiae

62 964 224 1023 formarum
267 980 334 1022 cum
369 961 490 1043 litteris,
532 981 618 1041 quam
655 965 902 1042 comparationem
940 963 1069 1041 primum

61 1050 188 1111 dimidio
214 1068 303 1111 versu
330 1051 440 1111 dixisse
469 1054 540 1111 satis
567 1050 655 1111 habet
681 1051 694 1110 l
723 1049 784 1112 191
791 1098 800 1131 ,
832 1050 938 1111 deinde
966 1049 1069 1128 ampli-

64 1141 181 1200 ficatam
210 1145 347 1217 quattuor
369 1139 505 1199 versibus
528 1139 599 1199 dicit
622 1136 805 1219 alt-820,
832 1145 896 1199 tum
918 1138 954 1199 ad
976 1156 1069 1199 unum

64 1226 232 1306 exemplum
256 1226 374 1287 adhibet
396 1245 439 1287 vr.
463 1223 652 1307 906-908,
678 1234 828 1306 postremo
856 1245 908 1286 sex
934 1226 1069 1286 versibus

65 1315 193 1394 explicat
224 1314 241 1374 l.
274 1314 300 1374 ll
329 1311 556 1377 1010—1015.
605 1316 659 1375 hos
691 1318 781 1394 igitur
812 1333 915 1375 versus
948 1321 978 1375 et
1009 1332 1069 1373 non

64 1423 158 1484 pauca
185 1403 307 1483 habere,
334 1405 366 1463 in
394 1403 501 1482 quibus
528 1405 600 1463 iure·
621 1404 799 1484 offenderes,
826 1410 856 1463 et
882 1421 942 1462 non
969 1404 1068 1463 minus

65 1491 169 1572 multa,
196 1493 304 1570 quibus
331 1491 530 1551 declararetur
557 1510 574 1552 a
602 1491 682 1552 nullo
710 1493 769 1552 nisi
796 1510 812 1552 a
839 1489 977 1552 Lucretio
1003 1492 1068 1570 ipso

64 1583 198 1660 potuisse
217 1578 317 1659 scribi,
339 1579 427 1639 docui
449 1579 467 1639 Ι.
487 1599 511 1640 c.
547 1598 606 1639 non
625 1582 716 1658 igitur
738 1582 767 1639 ci
784 1580 899 1640 ferendi
917 1586 994 1660 sunt,
1018 1581 1069 1657 qui

65 1672 98 1728 in
120 1667 266 1728 levissima
290 1686 405 1745 quaque
427 1667 650 1748 offensiuncula,
674 1667 775 1746 quales
798 1685 884 1746 saepe
907 1686 944 1727 ex
966 1685 1069 1727 eorum

65 1759 118 1836 qui
146 1755 297 1816 offendunt
323 1773 424 1815 errore
451 1763 626 1836 nascuntur,
655 1774 715 1815 non
737 1755 871 1815 dubitant
893 1755 929 1815 ad
952 1754 1069 1815 obelum

62 1844 233 1922 confugere.

154 1932 208 1991 Est
228 1931 285 1991 boc
302 1929 423 1991 Lucreti
444 1933 606 2011 proprium,
628 1938 662 1992 ut
683 1938 713 1990 et
730 1930 864 1991 versibus
883 1937 914 1990 et
930 1949 1069 1992 versuum

64 2019 201 2100 partibus
232 2019 374 2079 iterandis
401 2026 431 2078 ct
457 2019 603 2079 variandis
632 2027 661 2079 et
687 2018 760 2078 locis
787 2018 904 2098 longius
931 2020 1010 2080 inter
1037 2037 1068 2078 se

63 2125 154 2186 saepe
178 2106 354 2167 distantibus
376 2105 422 2166 vel
445 2105 626 2184 singularum
648 2106 693 2166 vel
714 2106 843 2185 plurium
861 2125 966 2168 vocum
984 2125 1069 2185 repc-

64 2198 170 2256 titione
194 2197 278 2274 quasi
300 2213 389 2255 aureo
411 2194 527 2256 vinculo
550 2198 629 2255 inter
651 2213 684 2255 se
702 2194 827 2273 ligandis
845 2213 964 2254 carmen
982 2213 1068 2255 suum

63 2301 173 2344 ornare
201 2283 331 2363 studeat,
358 2282 388 2342 id
417 2283 494 2360 quod
523 2285 550 2343 ei
577 2285 685 2343 mirum
711 2285 743 2343 in
769 2282 889 2342 modum
916 2285 1068 2343 successit.

64 2371 170 2432 habuit
196 2378 293 2431 autem
320 2371 374 2431 hac
401 2373 433 2429 in
460 2378 521 2431 arte
545 2390 633 2449 quem
656 2377 830 2450 sequeretur
852 2387 919 2430 eum
942 2376 1068 2451 poetam,

64 2477 157 2539 quem
187 2477 279 2538 paene
310 2464 428 2538 praeter
459 2477 561 2519 omnes
588 2459 698 2540 laudat,
729 2458 949 2540 Empedoclem,
981 2477 1069 2538 quem

64 2547 202 2627 plurimis
229 2547 318 2607 rebus
341 2547 515 2608 imitandum
538 2546 595 2607 sibi
617 2555 817 2627 proposuerat.
862 2565 950 2626 quam
973 2549 1069 2607 imita-

64 2638 179 2696 tionem
201 2637 232 2695 in
249 2634 474 2713 repetitionibus
494 2654 611 2714 quoque
629 2639 712 2696 cerni
729 2654 797 2696 cum
814 2638 929 2714 primus
947 2635 1070 2696 vidisset

64 2723 208 2784 Aemilius
226 2722 345 2803 Hallier,
368 2725 419 2802 qui
441 2723 564 2784 Lucreti·
582 2726 711 2784 carmina
734 2741 751 2783 c
773 2724 944 2802 fragmentis
962 2722 1069 2801 Empe-

64 2811 161 2872 doclis
183 2810 366 2872 adumbravit
387 2812 457 2872 diss.
479 2811 593 2872 lenens.
616 2830 641 2872 a.
666 2807 749 2874 1857
774 2814 892 2891 scripta,
915 2811 1068 2871 oblocutus

63 2902 95 2960 ei
119 2906 165 2959 est
182 2899 335 2960 Gneissius
353 2898 371 2960 l.
391 2918 415 2959 c.
433 2919 461 2978 p.
481 2896 501 2960 9
521 2917 593 2979 sqq,
615 2902 659 2959 cis
681 2908 780 2960 tamen
804 2899 946 2978 exemplis
965 2898 1069 2980 allatis,

63 3006 102 3047 ex
132 2986 240 3066 quibus
267 3005 335 3047 eum
361 3007 421 3048 non
448 2995 528 3048 recte
556 2987 724 3048 oblocutum
751 2994 896 3066 appareat.
941 3006 1009 3048 nam
1036 2996 1070 3049 ut

63 3094 169 3136 verum
202 3079 252 3156 sit,
285 3076 360 3155 quod
389 3083 477 3154 negat
503 3076 579 3154 apud
607 3076 833 3154 Acragantinum
860 3077 1069 3154 repetitionum

64 3182 155 3224 usum
176 3170 236 3224 tam
253 3163 315 3225 late
338 3172 439 3243 patere
462 3182 550 3242 quam
572 3164 648 3242 apud
671 3163 843 3244 Romanum,
866 3167 933 3242 quis
954 3167 1070 3242 ignorat

64 3270 185 3331 semper
207 3252 269 3311 fere
293 3251 388 3313 solere
411 3270 471 3332 eOS,
495 3254 546 3329 qui
568 3252 695 3331 aliquem
718 3254 878 3333 imitantur,
900 3251 1017 3330 longius
1036 3255 1068 3312 in

55 3357 100 3400 ‘ea
128 3358 175 3420 re,
203 3358 290 3419 quam
317 3342 503 3418 potissimum
526 3342 689 3421 imitantur,
718 3341 858 3419 progredi
881 3359 967 3420 quam
992 3358 1070 3421 eum,

64 3446 81 3488 a
105 3446 164 3506 quo
188 3427 353 3507 exemplum
377 3430 435 3488 sibi
458 3425 667 3508 sumpserunt?

56 3543 58 3547 ¹
154 3515 230 3577 Sunt
256 3534 325 3575 vcro
349 3534 423 3595 quae
445 3518 478 3577 in
500 3535 640 3580 versuum
662 3516 878 3581 iterationibus
896 3513 1090 3576 nostorum

110 3624 248 3664 Ladarma.
262 3625 296 3666 od.
310 3625 439 3678 Briagor.
857 3618 885 3672 *b
