2430 3878
593 235 620 289 Π
1062 233 1107 300 55

172 381 224 442 sed
247 383 336 441 variis
360 381 463 440 lormis
486 385 633 443 variantes
656 383 743 443 edere
767 390 871 444 tactus.
1066 397 1107 437 818

97 486 159 539 826
172 472 244 549 quin
267 472 355 530 etiam
379 476 487 548 quanto
510 472 542 530 in
564 477 663 550 partes
687 489 735 532 res
760 490 893 550 quaeque
915 474 1044 532 minutas
1067 485 1107 525 815

172 557 346 619 distrahitur
368 561 475 638 magis,
497 558 553 619 hoc
576 562 669 637 magis
692 565 794 620 estut
817 578 939 620 cernere
962 560 1059 641 possis

99 662 346 712 8255155555515
369 646 510 724 paulatim
533 649 701 727 stinguique
726 647 866 730 colorem3

171 742 206 796 ut
227 735 260 794 lit
282 734 334 795 ubi
356 737 388 794 in
410 753 514 814 parvas
536 739 629 815 partis
652 737 831 817 discerpitur
853 744 999 819 austrum3

100 842 158 894 830
170 834 302 904 purpura
324 825 542 902 poeniceusque
566 824 646 884 color
669 824 842 886 clarissimu'
864 825 970 906 multo,
1067 840 1108 880 eso

172 912 274 973 filatim
298 929 365 972 cum
389 910 603 992 distractumst,
627 912 809 992 disperditur
831 916 939 995 omnis3

172 1017 295 1061 noscere
317 1006 351 1060 ut
373 999 443 1060 hinc
465 1003 562 1078 possis
585 1003 669 1079 prius
693 1019 809 1061 omnem
833 1002 932 1062 efflare
956 1001 1085 1062 colorem

101 1107 154 1157 885
172 1087 344 1168 particulas,
368 1106 455 1166 quam
479 1088 631 1148 discedant
654 1088 690 1148 ad
714 1093 826 1150 semina
848 1107 956 1150 rerum.

215 1176 368 1236 Postremo
393 1178 532 1254 quoniam
554 1195 614 1236 non
638 1179 735 1237 omnia
759 1195 882 1257 corpora
904 1195 1006 1238 vocem

100 1282 158 1334 335
172 1267 290 1326 mittere
314 1264 452 1325 concedis
475 1283 571 1344 neque
595 1264 728 1346 odorem,
750 1272 907 1347 propterea
929 1267 963 1327 lit
1068 1277 1108 1320 ⁸³⁶

172 1360 287 1414 utnon
310 1352 446 1414 omnibus
470 1352 621 1414 adtribuas
644 1356 758 1414 sonitus
782 1361 811 1414 et
834 1354 953 1414 odores:

174 1444 217 1502 sic
240 1439 333 1501 oculis
357 1443 496 1520 quoniam
519 1459 579 1502 nou
602 1444 700 1501 omnia
723 1460 845 1502 cernere
869 1445 1001 1524 quimus,

100 1547 154 1597 835
176 1532 252 1590 scire
276 1528 345 1589 licet
368 1529 511 1609 quaedam
532 1537 593 1590 tam
617 1538 751 1591 constare
775 1531 846 1591 orba
869 1531 966 1592 colore

173 1618 261 1697 quam
284 1619 348 1677 sine
372 1616 461 1677 odore
485 1617 543 1677 ullo
567 1619 709 1697 quaedam
733 1621 890 1699 sonituque
913 1627 1038 1702 remota,

98 1723 157 1775 840
171 1725 226 1766 nec
248 1708 347 1766 minus
369 1706 442 1765 haec
465 1709 596 1767 animum
618 1725 796 1786 cognoscere
814 1727 901 1787 posse
921 1727 1054 1786 sagacem
1068 1721 1108 1762 ⁸4⁰

173 1811 260 1874 quam
284 1812 358 1873 quae
383 1801 452 1854 sunt
474 1793 539 1855 aliis
563 1795 653 1855 rebus
675 1798 787 1875 privata
810 1804 920 1856 notare.

85 1949 87 1952 ,
218 1881 275 1942 Sed
298 1900 335 1942 115
359 1882 434 1942 torte
457 1890 543 1961 putes
567 1882 628 1942 solo
652 1884 775 1962 spoliata
799 1884 896 1944 colore

99 1988 155 2038 845
174 1988 296 2048 corpora
318 1972 414 2049 prima
435 1988 569 2052 manere,
592 1974 680 2032 etiam
704 1978 817 2033 secreta
840 1975 952 2051 teporis

174 2065 242 2120 sunt
265 2077 298 2118 ac
320 2058 440 2136 frigoris
464 2061 582 2119 omnino
607 2059 751 2138 calidique
774 2062 903 2140 uaporis7

99 2164 158 2216 845
172 2156 202 2207 et
224 2149 322 2206 sonitu
346 2146 447 2206 sterila
470 2154 499 2207 et
523 2165 593 2207 suco
616 2149 715 2208 ieiuna
737 2147 887 2228 feruntur,
1068 2161 1108 2202 855

174 2253 229 2295 1155
251 2237 363 2295 iaciunt
384 2233 477 2295 ullum
500 2237 653 2313 proprium
676 2234 712 2296 de
736 2253 859 2315 corpore
883 2235 1012 2295 odorem.

175 2325 252 2384 sicut
273 2325 433 2385 amaracini
454 2322 594 2383 blandum
617 2329 784 2402 stactaeque
807 2323 953 2402 liquorem

101 2427 155 2478 845
174 2419 205 2473 et
225 2411 311 2472 nardi
334 2411 450 2492 dorem,
472 2417 575 2472 nectar
598 2414 649 2490 qui
671 2410 793 2472 naribus
814 2410 906 2492 halat,

176 2517 243 2560 cum
266 2500 363 2560 facere
386 2502 536 2580 instituas,
560 2519 627 2561 cum
649 2503 754 2580 primis
777 2519 920 2579 quaerere
942 2519 996 2580 par
1019 2508 1077 2582 est,

102 2602 160 2656 850
174 2587 269 2667 quoad
292 2587 362 2648 licet
385 2607 418 2648 ac
440 2591 537 2668 possis
560 2591 705 2669 reperire,
728 2588 867 2649 inolentis
890 2589 959 2649 olivi
1069 2602 1109 2646 oso

175 2683 324 2756 naturam,
347 2676 457 2737 nullam
481 2695 555 2756 quae
577 2679 675 2739 mittat
696 2677 817 2740 naribus
841 2696 954 2758 auram,

175 2783 263 2843 quam
286 2767 407 2826 minime
430 2771 463 2825 ut
485 2768 580 2845 possit
601 2768 710 2827 mixtos
733 2768 764 2826 in
788 2785 912 2847 corpore
935 2765 1040 2826 odores

102 2868 156 2918 850
176 2861 391 2932 concoctosque
414 2871 467 2914 suo
491 2860 676 2915 contractans
698 2854 822 2934 perdere
845 2857 922 2934 viro,

174 2949 297 3020 propter
319 2940 442 3002 eandem
463 2959 529 3004 rem
551 2941 659 3003 debent
679 2943 842 3022 primordia
864 2959 965 3002 rerum

103 3043 160 3097 355
173 3047 234 3089 non
256 3028 395 3090 adhibere
419 3048 506 3090 suum
529 3031 685 3109 gignundis
708 3029 798 3091 rebus
822 3029 955 3111 odorem,
1069 3041 1110 3084 855

174 3135 231 3178 1155
254 3120 396 3197 sonitum,
420 3121 558 3196 quoniam
580 3118 622 3178 nil
645 3116 681 3177 ab
705 3136 737 3178 se
759 3121 878 3179 mittere
900 3126 1037 3198 possunt,

174 3223 230 3266 nec
253 3206 343 3266 simili
365 3209 480 3267 ratione
504 3224 638 3285 saporem
661 3206 788 3284 denique
812 3224 988 3286 quemquam

104 3309 231 3359 8551155
258 3294 351 3374 frigus
378 3313 474 3374 neque
501 3297 573 3354 item
596 3293 722 3355 calidum
745 3293 935 3374 tepidumque
958 3312 1109 3375 vaporem,

176 3389 287 3463 cetera,
311 3401 385 3461 quae
409 3384 563 3463 comitant,
586 3389 685 3443 tamen
708 3390 741 3443 ut
763 3382 899 3443 mortalia
918 3390 1064 3463 constent,

103 3486 160 3538 860
174 3469 257 3531 molli
279 3471 371 3552 lenta,
394 3472 508 3551 fragosa
530 3473 623 3551 putri,
647 3489 715 3531 cava
738 3489 862 3551 corpore
885 3490 965 3531 raro:
1069 3485 1110 3525 8⁶0

173 3560 270 3620 omnia
294 3561 356 3621 sint
379 3579 395 3622 a
417 3562 578 3646 principiis
601 3562 743 3625 seiuncta
759 3566 939 3638 necessest,
