2430 3878
98 180 161 245 176
579 179 619 234 VI

167 327 289 405 ancipiti
310 325 410 386 videas
433 326 512 386 ferro
535 326 639 406 procul
662 325 776 387 arboris
799 332 930 408 auctum,

168 421 234 475 ante
258 415 291 474 lit
312 421 346 475 ut
368 433 472 475 cernas
494 417 586 475 ictum
610 433 696 493 quam
719 414 803 493 plaga
826 433 880 493 per
903 416 985 475 auris

97 511 151 560 170
168 503 218 563 det
240 504 382 562 sonitum:
406 505 449 563 818
472 502 616 581 fulgorem
639 521 756 582 quoque
779 506 928 563 cernimus
952 509 1023 563 ante
1068 525 1109 566 iro

168 608 255 669 quam
277 593 421 652 tonitrum
444 593 617 672 accipimus,
639 593 752 670 pariter
774 593 826 669 qui
846 592 978 651 mittitur
1001 593 1068 670 igni

99 696 149 746 170
168 697 184 738 e
209 678 299 739 simili
322 697 422 760 causa,
444 697 590 740 concursu
612 685 699 739 uatus
723 679 834 738 eodem.

211 766 273 826 Hoc
296 769 384 827 etiam
405 774 491 845 pacto
514 767 627 827 volucri
648 766 712 827 loca
734 766 845 827 lumine
867 768 988 845 tingunt

167 854 262 916 nubes
285 861 314 915 et
336 854 461 915 tremulo
484 862 545 915 tem
566 862 644 915 estas
666 858 775 934 impete
799 853 893 933 fulgit.

98 950 152 1001 175
167 950 272 1004 ventus
294 942 346 1003 ubi
368 945 474 1003 invasit
496 874 604 1004 nuffem
627 948 657 1004 et
679 950 812 1003 versatus
835 942 946 1002 ibidem
1068 963 1105 1005 ru

168 1031 238 1092 fecit
260 1037 382 1090 utente
406 1049 505 1092 cavam
527 1031 615 1091 docui
638 1033 817 1110 spissescere
840 1031 964 1112 nubem,

100 1117 329 1186 immobilitate
352 1137 405 1179 sua
426 1119 576 1200 fervescit;
598 1126 632 1180 ut
654 1121 752 1179 omnia
774 1127 856 1179 motu

167 1207 361 1287 percalefacta
383 1208 465 1268 vides
488 1208 656 1288 ardescere,
678 1207 815 1286 plumbea
837 1225 907 1267 vero

168 1296 251 1375 glans
274 1298 362 1356 etiam
384 1295 471 1375 longo
495 1315 584 1357 cursu
606 1295 746 1356 volvenda
768 1295 914 1375 liquescit

97 1391 154 1442 180
170 1402 239 1463 ergo
263 1384 392 1444 fervidus
415 1384 463 1444 hic
486 1383 594 1444 nubem
617 1403 684 1445 cum
706 1383 850 1463 perscidit
871 1390 980 1464 atram,
1065 1407 1101 1447 no

168 1473 292 1550 dissipat
314 1472 428 1532 ardoris
452 1475 535 1551 quasi
556 1491 611 1551 per
633 1475 692 1531 vim
715 1490 854 1550 expressa
877 1479 1001 1550 repente

100 1576 150 1626 180
169 1562 293 1639 semina,
317 1578 390 1638 quae
413 1560 525 1620 faciunt
545 1562 686 1621 nictantia
708 1560 824 1638 fulgura
846 1559 994 1620 flammae:

168 1647 237 1709 inde
260 1665 350 1707 sonus
373 1649 520 1728 sequitur,
543 1650 595 1726 qui
616 1649 729 1709 tardius
752 1649 852 1709 adficit
873 1651 955 1709 auris

169 1752 256 1814 quam
279 1753 352 1814 quae
375 1738 551 1813 perveniunt
572 1736 724 1797 oculorum
747 1735 782 1796 ad
805 1736 917 1796 lumina
939 1744 1050 1798 nostra.

99 1832 153 1882 185
170 1822 295 1903 scilicet,
316 1823 373 1883 hoc
396 1823 496 1883 densis
518 1825 552 1883 fit
573 1824 701 1885 nubibus
724 1832 754 1884 et
777 1823 865 1885 simul
887 1823 945 1885 alte
1062 1847 1097 1887 185

94 1951 96 1955 -
169 1913 310 1971 extructis
334 1910 398 1971 aliis
422 1910 492 1971 alias
517 1930 605 1990 super
627 1915 736 1991 impete
758 1915 843 1972 miro.

100 2015 150 2066 185
169 2017 206 2060 ne
229 1999 284 2059 tihi
307 2001 345 2059 sit
367 1999 463 2059 fraudi
487 2000 563 2078 quod
586 2018 641 2061 nos
663 2002 778 2060 inferne
801 2000 935 2060 videmus

25 2112 28 2119 ·
125 2151 130 2160 x
169 2105 257 2167 quam
276 2090 335 2148 sint
347 2087 405 2148 lata
418 2090 510 2166 magis
525 2105 613 2166 quam
627 2105 745 2149 sursum
759 2096 891 2149 extructa
906 2088 978 2167 quid
991 2095 1096 2149 extent

136 2168 381 2255 Ncontemplator
403 2177 494 2256 enim,
518 2194 585 2237 cum
608 2176 757 2237 montibus
781 2175 954 2237 adsimrdata

99 2273 153 2323 190
170 2265 270 2325 nubila
292 2264 451 2343 portabunt
472 2267 552 2324 venti
574 2271 741 2325 transversa
762 2283 817 2343 per
842 2283 942 2346 auras,
1062 2288 1097 2329 no

169 2360 219 2414 881
240 2352 294 2413 uhi
315 2370 369 2430 per
391 2369 511 2431 magnos
534 2355 642 2413 montis
666 2351 811 2414 cumulata
833 2352 946 2413 videbis

101 2458 150 2507 190
169 2443 291 2518 insuper
314 2458 379 2500 esse
403 2439 468 2499 aliis
491 2440 547 2501 alia
570 2448 657 2520 atque
684 2459 811 2519 urguere
835 2459 963 2519 superne

169 2531 200 2588 in
224 2529 349 2587 statione
372 2527 465 2588 locata
488 2529 611 2607 sepultis
633 2529 764 2607 undique
787 2532 895 2610 ventis3

169 2623 232 2675 tum
254 2616 365 2693 poteris
388 2634 506 2694 magnas
529 2617 621 2677 moles
644 2635 821 2696 cognoscere
845 2634 948 2677 eorum

98 2710 153 2761 195
170 2703 382 2782 speluncasque
404 2703 484 2764 velut
506 2707 584 2765 saxis
606 2704 796 2784 pendentibu’
819 2711 947 2766 structas
1062 2726 1097 2767 88

170 2809 305 2871 8888888,
329 2810 400 2871 quas
423 2795 504 2852 venti
526 2812 594 2854 cum
615 2799 789 2872 tempestate
813 2800 913 2854 coorta

80 2899 81 2904 ’
101 2896 151 2945 195
170 2880 356 2961 conpluunt,
379 2898 484 2959 magno
506 2881 696 2960 indignantur
718 2899 870 2942 murmure
894 2881 986 2942 clausi

119 2977 123 2994 ·
169 2967 311 3048 nubibus,
333 2970 365 3027 18
388 2971 542 3048 caveisque
565 2969 694 3031 ferarum
717 2988 799 3030 more
822 2971 985 3050 minantur,

169 3075 247 3118 nunc
270 3058 339 3117 hinc
361 3075 440 3117 nunc
462 3057 545 3118 illinc
566 3057 702 3118 fremitus
724 3076 778 3137 per
800 3057 902 3118 nubila
924 3059 1057 3139 mittunt,

99 3151 157 3203 200
169 3152 401 3223 quaerentesque
425 3147 501 3205 viam
524 3147 804 3226 circumversantur,
827 3154 858 3207 et
880 3148 958 3224 ignis
1063 3165 1099 3208 ooo

172 3236 283 3293 semina
306 3233 481 3294 convolvunt
502 3251 518 3295 e
539 3233 668 3295 nubibus
691 3242 778 3312 atque
801 3236 841 3294 118
865 3241 974 3313 cogunt

100 3337 152 3386 200
170 3321 273 3401 multa,
297 3329 452 3400 rotantque
474 3324 554 3382 cavis
576 3322 722 3382 flammam
744 3321 914 3383 fornacibus
936 3324 1030 3403 intus,

171 3410 264 3470 donec
287 3409 396 3470 divolsa
420 3409 565 3471 fulserunt
587 3410 666 3471 nube
690 3414 813 3471 corusci.

206 3498 270 3562 Hac
294 3501 386 3563 ctiam
409 3500 444 3562 lit
464 3502 513 3563 811
535 3499 571 3562 de
594 3517 684 3561 causa
700 3497 818 3559 monilis
837 3497 888 3559 ille
