2430 3878
99 213 162 276 100
580 207 620 264 vr
696 192 699 196 ’

166 358 215 420 1110
237 357 289 419 ubi
310 357 455 437 percaluit
477 356 668 435 calefecitque
692 357 789 416 omnia
813 357 925 416 circum

97 447 374 526 0800011010οη0,
398 464 454 524 qua
477 448 632 525 contingit,
654 451 836 524 terramque,
859 450 889 504 et
911 442 947 503 ab
972 442 1040 502 ollis

167 537 297 596 excussit
319 533 446 595 calidum
468 533 593 594 dammis
616 531 765 593 velocibus
787 535 899 612 ignem,

166 623 244 683 tollit
266 641 298 683 00
321 641 355 683 00
377 624 466 682 rectis
489 624 530 682 ita
553 620 686 682 lancibus
709 622 781 681 eicit
803 621 868 681 alte.

97 718 152 770 690
167 712 226 772 sert
247 713 346 790 itaque
370 710 505 771 ardorem
527 709 627 790 longe,
650 709 795 788 longeque
819 707 946 769 favillam
1067 731 1105 772 eoo

167 800 281 880 differt,
304 805 335 859 et
357 817 456 859 crassa
478 797 567 858 volvit
590 797 713 877 caligine
737 798 863 878 fumum,

97 904 148 955 685
168 886 355 966 extruditque
379 886 466 948 simul
489 886 624 946 mirando
646 884 777 966 pondere
801 904 882 967 saxa3

167 995 204 1037 ne
228 975 346 1036 dubites
369 977 441 1053 quin
462 975 535 1036 11000
558 976 667 1035 animai
688 973 805 1034 turbida
829 977 868 1033 sit
889 976 942 1033 vis.

166 1071 321 1144 praeterea
343 1081 447 1142 magna
469 1081 505 1123 er
527 1065 605 1142 parti
626 1080 708 1122 mare
730 1064 839 1122 montis
862 1061 898 1122 ad
922 1064 988 1122 eius

97 1159 153 1211 095
169 1152 284 1212 radices
308 1152 417 1230 frangit
437 1150 546 1212 fluctus
568 1158 740 1230 aestumque
763 1149 907 1211 resorbet.
1067 1171 1106 1212 ces

168 1259 205 1301 ex
227 1240 283 1300 hoc
305 1258 399 1319 usque
423 1241 498 1300 mari
522 1239 679 1319 speluncae
701 1240 811 1299 montis
834 1238 869 1299 ad
893 1238 966 1299 altas

98 1346 149 1395 000
167 1331 343 1408 perveniunt
366 1327 468 1388 subter
490 1328 598 1388 fauces.
634 1327 689 1388 hae
712 1329 757 1387 ire
780 1327 960 1387 fatendumst

592 1434 611 1474 ᾳ

168 1511 199 1564 et
221 1511 377 1582 penetrare
400 1506 491 1563 maris
513 1507 631 1582 penitus
654 1522 703 1564 res
727 1506 805 1582 cogit
827 1509 928 1582 aperta

170 1598 258 1670 atque
281 1591 381 1652 efflare
405 1591 497 1672 foras,
520 1592 646 1670 ideoque
669 1591 810 1653 extollere
833 1591 981 1652 llammam

100 1687 154 1738 700
169 1693 296 1758 sanaque
320 1678 485 1739 subiectare
509 1686 539 1739 et
561 1698 667 1740 arenae
689 1680 793 1740 tollere
815 1679 941 1742 nimbos.
1067 1703 1104 1742 roo

170 1770 202 1828 in
225 1785 340 1827 summo
364 1773 433 1826 suut
455 1769 565 1827 vertice
589 1771 668 1829 enim
690 1775 833 1847 crateres,
855 1774 889 1828 ut
910 1770 970 1847 ipsi

100 1871 151 1922 695
169 1858 358 1935 nominitaut3
381 1872 435 1915 nos
459 1855 538 1933 quod
560 1856 659 1917 lauces
682 1856 872 1935 perhibemus
894 1862 925 1916 et
948 1874 1009 1917 ora.

215 1943 290 2004 Sunt
307 1943 418 2022 aliquot
435 1960 552 2023 quoque
566 1963 615 2004 res
630 1963 754 2023 quarum
768 1963 857 2005 unam
870 1944 972 2006 dicere
986 1963 1103 2006 causam

169 2049 230 2092 non
253 2034 323 2092 satis
347 2039 405 2112 est,
428 2049 531 2092 verum
552 2032 660 2113 pluris,
682 2032 761 2093 unde
783 2051 843 2093 una
865 2039 965 2093 tamen
989 2036 1042 2116 sit3

101 2127 156 2180 705
171 2138 279 2199 corpus
301 2127 335 2181 ut
358 2122 524 2180 exanimum
548 2120 653 2199 siquod
675 2120 780 2199 procul
801 2123 865 2200 ipse
888 2123 985 2182 iacere
1069 2144 1103 2185 00

171 2210 335 2288 conspicias
357 2208 498 2287 hominis,
520 2209 554 2268 fit
575 2215 610 2269 ut
632 2211 727 2269 omnis
751 2209 850 2269 dicere
873 2228 976 2270 causas

101 2314 152 2364 700
172 2299 326 2357 conveniat
347 2296 412 2377 leti,
435 2296 550 2356 dicatur
571 2302 606 2356 ut
627 2296 707 2357 illius
729 2315 800 2358 una:

170 2403 238 2445 nam
261 2402 357 2464 oeque
381 2402 449 2445 eum
471 2384 550 2445 ferro
573 2403 629 2445 nec
651 2385 761 2464 frigore
784 2387 901 2447 vincere
923 2389 1022 2464 possis

171 2474 320 2533 interiisse
343 2490 439 2550 neque
463 2491 479 2532 a
501 2472 604 2533 morbo
627 2491 723 2552 neque
746 2473 822 2535 forte
844 2492 971 2555 veneno,

101 2567 272 2620 7100010111
295 2558 404 2638 aliquid
427 2577 534 2638 genere
558 2579 623 2621 0000
648 2579 683 2620 011
706 2561 763 2621 1100
786 2563 863 2640 quod
883 2564 1007 2641 contigit
1025 2565 1052 2623 ei
1067 2585 1106 2624 no

172 2651 290 2708 seimus.
326 2648 397 2707 item
420 2650 451 2707 in
474 2647 574 2709 multis
597 2649 654 2710 hoc
675 2648 765 2710 rebus
789 2650 887 2711 dicere
909 2650 1061 2712 babemus.

102 2753 152 2803 705
215 2735 299 2797 Nilus
321 2737 353 2795 in
376 2742 516 2796 aestatem
540 2739 647 2797 crescit
670 2739 839 2818 campisque
862 2738 1010 2801 redundat

171 2827 277 2886 unicus
300 2826 455 2904 interris,
478 2824 601 2904 Aegypti
623 2827 714 2885 totius
737 2829 840 2886 amnis.

171 2915 197 2973 is
219 2915 296 2992 rigat
318 2913 480 2992 Aegyptum
503 2913 633 2973 medium
656 2932 820 2994 persaepe
844 2913 985 2997 calorem,

102 3007 155 3059 715
172 3007 222 3062 0οῑ
244 3003 313 3081 quia
336 3008 406 3061 sunt
428 3007 537 3061 aestate
561 3001 714 3080 aquilones
737 3006 812 3063 ostia
835 3012 950 3085 contra,
1070 3025 1109 3067 ns

172 3091 242 3149 anni
263 3095 396 3168 tempore
420 3106 455 3149 eo
479 3091 530 3168 qui
553 3091 661 3150 etesiae
685 3108 751 3150 esse
774 3092 923 3172 feruntur,

103 3193 153 3242 710
173 3184 203 3237 et
225 3184 327 3238 contra
349 3177 470 3237 fluvium
492 3176 597 3238 flantes
620 3186 807 3240 remorantur
830 3187 860 3240 et
882 3179 975 3240 undas

173 3271 311 3343 cogentes
335 3283 438 3326 sursus
460 3263 577 3344 replent
599 3273 765 3346 coguntque
788 3286 916 3329 manere.

172 3371 241 3413 nam
264 3351 353 3413 dubio
376 3352 480 3432 prooul
502 3353 573 3414 haec
596 3354 718 3415 adverso
742 3354 833 3416 dabra
855 3357 992 3417 feruntur

99 3442 305 3526 7000010100,
330 3459 405 3523 quae
428 3441 532 3522 gelidis
556 3441 591 3502 ab
615 3443 708 3503 stellis
732 3446 794 3504 axis
817 3452 957 3523 aguntur:
1072 3469 1112 3508 roo

158 3531 212 3594 ille
238 3551 275 3596 er
300 3533 445 3597 aestifera
468 3534 551 3616 parti
570 3534 656 3594 0000
675 3534 772 3593 amnis
791 3532 829 3590 ab
849 3541 965 3609 austro,
