2430 3878
578 179 619 236 Ν
1041 180 1106 246 125

99 339 175 393 1055
189 324 242 385 sed
265 324 390 402 fugitare
413 324 498 386 deest
521 327 677 388 simulacra
700 334 730 390 et
751 326 857 406 pabulo
879 330 987 389 amoris

100 430 172 480 1040
191 412 357 475 absterrere
381 411 438 475 sibi
461 420 548 492 atque
571 414 629 477 alio
651 423 822 478 convertere
845 423 975 479 mentem

190 508 221 562 01
242 503 339 563 iacere
361 519 495 564 umorem
518 502 684 565 conlectum
706 505 737 566 in
755 521 879 582 corpora
897 522 1038 584 quaeque,
1053 523 1105 567 roca

190 608 247 649 nec
269 591 411 670 retinere,
435 590 527 653 semel
549 610 724 654 conversum
746 593 834 653 unius
857 609 970 672 amore,

192 684 221 738 et
244 695 362 739 servare
385 676 443 738 sibi
465 697 566 740 euram
588 687 761 759 certumque
784 679 929 742 dolerem:

101 782 177 833 1000
193 765 277 827 01000
301 767 380 828 enim
401 768 524 829 vivescit
546 775 576 830 et
598 770 787 831 inveterascit
808 767 925 848 alendo,

103 871 173 922 1045
192 856 282 933 inque
305 853 369 916 dies
392 853 490 932 gliscit
512 856 596 918 luror
617 864 704 935 atque
727 874 867 917 aerumna
889 857 1046 936 gravescit,

191 944 218 1002 si
240 961 299 1002 non
321 944 416 1021 prima
437 945 521 1005 nevis
544 944 702 1007 conturbes
724 943 843 1006 volnera
864 943 958 1022 plagis
1053 965 1107 1006 roro

191 1029 398 1112 volgivagaque
421 1049 512 1110 vagus
534 1031 647 1094 Venere
670 1039 736 1094 ante
760 1033 890 1094 recentia
913 1049 1000 1093 cures

191 1125 243 1181 aut
264 1118 320 1180 alio
343 1121 441 1197 possis
464 1122 555 1181 animi
576 1119 730 1181 traducere
751 1127 858 1183 motus

102 1221 177 1272 1065
235 1205 297 1268 Nec
318 1206 440 1269 Veneris
463 1208 562 1271 fructu
584 1215 665 1270 earet
686 1210 713 1270 ls
735 1210 787 1286 qui
808 1210 881 1270 vitat
902 1225 1044 1288 amorem,

104 1309 174 1361 1050
193 1294 246 1356 scd
267 1297 366 1374 potius
390 1314 464 1374 quae
488 1303 557 1358 sunt
579 1298 643 1358 sine
665 1314 760 1374 poena
783 1295 934 1358 commoda
957 1297 1059 1359 sumit:

191 1401 260 1444 nam
282 1389 363 1444 oeno
384 1391 488 1462 purast
510 1387 589 1446 sanis
611 1386 705 1462 magis
727 1384 797 1446 inde
819 1383 952 1464 voluptas
1054 1405 1106 1446 iou

192 1489 280 1549 quam
301 1472 428 1534 miseris.
464 1474 574 1534 etenim
595 1472 732 1551 potiundi
753 1479 885 1551 tempore
907 1475 939 1535 in
961 1474 1026 1550 ipso

192 1559 315 1621 fluctuat
335 1561 460 1621 incertis
481 1559 632 1622 erroribus
656 1560 744 1622 ardor
766 1568 927 1641 amantum,

101 1661 179 1714 1070
193 1639 203 1731 ll
213 1665 269 1707 nec
287 1654 402 1709 constat
420 1647 490 1726 quid
505 1651 634 1727 primum
648 1649 740 1710 oculis
754 1648 949 1727 manibusque
962 1649 1105 1711 fruantur.

104 1751 174 1801 1055
193 1734 272 1814 qued
294 1737 420 1816 petiere,
442 1743 581 1814 premunt
603 1743 680 1818 arte,
701 1737 871 1816 iaciuntque
894 1736 1025 1800 dolorem

193 1825 340 1904 corperis,
362 1830 392 1885 et
413 1823 518 1887 dentes
538 1824 666 1887 inlidunt
688 1843 775 1904 saepe
797 1824 911 1887 labellis
1054 1826 1106 1889 roso

193 1910 351 1989 osculaque
373 1911 528 1994 adfligunt,
551 1915 619 1992 quia
640 1931 701 1975 non
723 1920 769 1974 est
790 1931 864 1992 pura
886 1912 1019 1992 voluptas

194 2006 224 2059 01
247 1998 358 2062 stimuli
381 1999 518 2080 subsunt,
541 2003 592 2080 qui
614 2003 756 2079 instigant
777 2000 894 2062 laedere
916 2002 946 2061 id
969 2004 1080 2081 ipsum,

102 2101 178 2157 1075
192 2087 440 2169 quodcumquest,
461 2088 559 2149 rabies
581 2088 659 2150 unde
681 2087 766 2149 illaec
789 2091 921 2166 germina
943 2096 1075 2167 surgunt.

105 2191 175 2241 1060
195 2174 247 2236 sed
269 2175 373 2239 leviter
394 2195 504 2254 poenas
527 2177 635 2254 frangit
656 2175 754 2237 Venus
776 2177 855 2239 inter
877 2193 1021 2257 amorem,

193 2262 356 2342 blandaque
379 2265 509 2327 refrenat
530 2282 646 2326 morsus
670 2263 797 2326 admixta
818 2263 960 2341 voluptas.
1056 2287 1108 2327 mes

193 2369 318 2430 namque
341 2353 373 2413 in
396 2370 432 2413 eo
455 2370 522 2431 spes
545 2359 603 2433 est,
624 2351 732 2413 undest
754 2350 868 2414 ardoris
891 2353 990 2431 origo,

193 2441 338 2518 restingui
366 2458 483 2518 000000
508 2458 595 2518 posse
621 2439 657 2500 ab
680 2439 784 2499 eodem
807 2456 930 2519 corpore
953 2439 1107 2503 flammam.

105 2542 179 2594 1000
193 2527 271 2606 quod
293 2528 360 2592 fieri
383 2535 483 2590 contra
506 2535 601 2591 totum
622 2534 726 2589 natura
748 2534 905 2608 repugnat,

107 2630 175 2682 1005
193 2634 310 2694 unaque
328 2634 378 2676 res
395 2616 468 2680 haec
485 2623 539 2697 est,
558 2618 646 2678 cuius
659 2633 803 2695 proquam
815 2616 943 2695 plurima
956 2614 1107 2696 babemus,

193 2711 252 2763 tam
275 2706 368 2782 magis
391 2704 519 2767 ardescit
541 2704 604 2766 dira
627 2705 791 2783 cuppedine
813 2711 925 2782 pectus.
1057 2726 1109 2766 roso

194 2810 262 2853 nam
283 2792 370 2853 cibus
391 2799 480 2870 atque
501 2811 588 2854 umor
608 2791 750 2855 membris
773 2792 939 2854 adsumitur
959 2793 1052 2873 intus3

194 2899 268 2958 qnae
291 2882 429 2958 quoniam
453 2887 547 2943 certas
569 2886 693 2959 possamt
716 2879 851 2941 obsidere
874 2880 983 2958 partis,

105 2981 181 3033 1085
193 2967 248 3028 hoc
271 2967 356 3028 facile
379 2967 514 3047 expletur
535 2967 655 3030 laticum
677 2968 853 3046 frugumque
876 2966 997 3046 cupido:

107 3071 231 3121 100001
252 3056 381 3120 hominis
403 3074 473 3117 vero
496 3056 569 3119 lacie
593 3056 775 3136 pulchroque
799 3054 896 3115 colore

193 3143 236 3204 nil
259 3143 345 3209 datur
367 3146 399 3206 in
421 3162 528 3222 corpus
551 3151 668 3223 praeter
691 3142 847 3205 simulacra
869 3142 1026 3203 fruendum
1057 3163 1109 3206 1095

192 3234 302 3313 tenvia3
326 3250 400 3311 quae
423 3249 512 3291 vanos
536 3250 603 3311 spes
626 3238 721 3310 raptat
744 3249 831 3310 saepe
853 3230 977 3293 misella.

193 3327 227 3380 ut
248 3319 351 3381 bibere
374 3321 539 3385 insomnis
563 3322 667 3383 sitiens
691 3337 781 3398 quem
803 3321 931 3400 quaerit,
954 3326 984 3380 et
1005 3336 1091 3381 umor

100 3422 252 3473 1090000
275 3408 373 3488 datur,
396 3409 531 3471 ardorem
555 3411 606 3487 qui
628 3407 770 3471 membris
794 3409 943 3486 stinguere
966 3410 1074 3487 possit,

103 3497 246 3561 10750011
268 3496 390 3559 laticum
412 3495 568 3560 simulacra
590 3498 664 3576 petit
686 3488 853 3576 frustraque
877 3495 990 3557 loborat

185 3585 219 3643 io
237 3584 399 3666 medioque
424 3587 475 3650 siti
498 3592 634 3651 torretur
655 3585 784 3652 burdine
803 3591 936 3667 potam,
1078 3598 1140 3637 00
