2430 3878
545 199 585 256 Ἦ
1007 202 1073 269 203

153 365 210 408 nec
232 348 324 407 nimio
347 348 483 426 cuiquam
505 344 609 427 posses
632 348 737 409 ardore
760 352 839 411 tueri

67 451 135 502 1155
155 437 288 515 corporis
312 437 343 495 in
366 453 482 496 summo
505 454 650 497 summam
672 437 837 499 fervescere
858 444 986 520 partem,

155 524 207 585 sed
230 526 330 602 potius
352 524 484 602 tepidum
507 524 643 585 manibus
665 543 832 605 proponere
854 533 965 587 tactum
1019 538 1072 590 noe

155 619 185 673 et
207 612 296 673 simul
317 611 467 673 ulceribus
490 615 575 691 quasi
597 608 705 674 inustis
729 632 816 676 omne
838 614 946 676 urbere

63 707 138 760 1165
154 719 276 782 corpus,
298 708 332 761 ut
354 707 401 761 est
421 719 476 780 per
498 700 631 762 membra
653 720 738 763 sacer
761 721 827 764 cum
850 702 963 764 diditur
985 705 1072 782 ignis.

69 818 72 826 ·
153 792 258 850 intima
279 806 349 868 pars
371 788 524 850 hominum
546 808 616 850 vero
638 789 780 869 flagrabat
802 792 838 852 ad
861 809 941 872 ossa,

64 894 135 943 1110
153 876 296 958 flagrabat
317 877 468 938 stomacho
490 876 608 938 flamma
630 886 663 939 ut
685 879 854 940 fornacibus
876 881 965 940 intus.

152 966 195 1027 nil
218 967 290 1027 adeo
313 984 418 1046 posses
441 968 579 1046 cuiquam
601 966 664 1027 leve
687 974 832 1047 tenveque
854 966 996 1029 membris
1019 992 1072 1032 nro

152 1062 269 1116 vertere
292 1056 324 1114 in
346 1053 516 1136 utilitatem,
539 1062 570 1115 at
591 1063 710 1116 ventum
733 1062 764 1117 et
786 1056 896 1136 frigora
918 1075 1044 1135 semper.

63 1147 184 1204 1170111
206 1143 312 1204 humes
333 1145 442 1222 partim
464 1142 577 1222 gelidos
600 1144 732 1204 ardentia
754 1144 858 1206 morbo

67 1255 70 1265 ·
114 1248 116 1252 ”
152 1231 285 1293 membra
303 1230 420 1312 dabant,
438 1232 550 1292 nudum
568 1234 710 1293 iacientes
729 1251 837 1313 corpus
855 1235 888 1294 in
901 1233 1002 1294 undas.
1018 1257 1070 1298 nro

63 1336 134 1386 1101
152 1319 238 1381 multi
260 1322 437 1399 praecipites
460 1319 588 1400 lymphis
609 1320 777 1400 putealibus
801 1321 858 1382 alte
1017 1345 1070 1386 uro

151 1408 333 1489 inciderunt,
356 1411 420 1487 ipso
443 1411 595 1469 venientes
618 1426 670 1469 ore
691 1416 823 1488 patente:
1016 1432 1073 1473 nre

152 1496 355 1559 insedabiliter
378 1498 445 1557 sitis
466 1497 560 1578 arida,
583 1514 706 1576 corpora
725 1504 857 1580 torrens,
1018 1520 1070 1562 nas

61 1591 135 1644 1175
152 1586 295 1666 aequabat
316 1584 442 1646 multum
463 1587 563 1665 parvis
586 1585 740 1647 umoribus
762 1585 897 1647 imbrem.

102 1726 110 1747 -.
151 1693 207 1736 nec
229 1676 349 1754 requies
372 1681 435 1734 erat
457 1673 516 1734 ulla
538 1673 621 1735 mali:
644 1674 759 1735 defessa
782 1673 916 1736 iacebant

60 1779 132 1828 1110
151 1781 283 1842 corpora.
319 1762 470 1823 mussabat
491 1764 581 1823 tacito
604 1763 750 1824 medicina
772 1765 892 1844 timore,
1017 1787 1069 1828 11⁷1

152 1853 261 1930 quippe
283 1853 413 1930 patentia
435 1869 503 1911 cum
525 1853 634 1912 totiens
657 1869 691 1912 ac
712 1854 817 1912 nuntia
838 1853 943 1913 mortis
1017 1875 1070 1916 noo

150 1939 262 2001 lumina
284 1945 437 1999 versarent
459 1938 611 2000 oculorum
634 1942 766 2018 expertia
788 1958 900 2000 somno.

56 2033 136 2086 »1180
148 2027 299 2108 multaque
321 2032 475 2106 praeterea
499 2029 604 2088 mortis
629 2033 694 2088 tum
716 2029 800 2106 signa
822 2027 980 2089 dabantur:

149 2116 322 2196 perturbata
343 2117 435 2175 animi
456 2133 541 2175 mens
563 2117 596 2176 in
617 2132 751 2176 maerore
774 2122 927 2197 metuque,

62 2220 131 2271 1111
149 2207 235 2265 triste
259 2202 464 2284 supercilium,
486 2203 617 2264 furiosus
639 2203 735 2263 voltus
758 2210 789 2264 01
810 2221 891 2284 acer,

150 2293 291 2354 sollicitae
314 2310 403 2371 porro
425 2291 588 2371 plenaeque
611 2290 768 2352 sonoribus
791 2310 891 2374 aures,
966 2303 975 2321 ‘
1015 2315 1068 2358 uec

150 2381 256 2443 creber
280 2382 404 2460 spiritus
427 2387 478 2441 aut
498 2382 603 2460 ingens
626 2398 751 2459 raroque
776 2387 909 2461 coortus,

58 2475 134 2528 1185
149 2470 326 2549 sudorisque
349 2468 471 2530 madens
493 2486 549 2548 per
571 2467 679 2529 collum
702 2467 874 2548 splendidus
897 2486 996 2550 umor,

64 2590 67 2598 ‚
149 2561 247 2618 tenvia
270 2564 356 2638 sputa
378 2560 504 2638 minuta,
527 2559 608 2618 croci
631 2562 764 2618 contacta
786 2556 885 2619 colore

61 2661 131 2712 1180
149 2645 297 2726 salsaque,
320 2664 375 2724 per
397 2647 496 2707 fauces
518 2662 607 2706 rauca
628 2647 677 2706 111
700 2645 778 2706 edita
800 2648 884 2706 tussi.

149 2735 181 2794 in
204 2732 339 2794 manibus
362 2751 431 2795 vero
455 2736 540 2794 nervi
561 2733 679 2794 trahere
703 2742 733 2794 et
754 2740 882 2794 tremere
906 2740 988 2795 artus
1016 2757 1067 2799 noo

149 2841 165 2883 a
187 2821 371 2901 pedibusque
394 2824 561 2883 minutatim
585 2821 743 2883 succedere
766 2823 860 2899 frigus

60 2919 133 2971 1190
146 2929 207 2971 non
231 2909 395 2970 dubitabat:
417 2913 490 2971 item
513 2911 547 2972 ad
572 2927 744 2989 supremum
766 2909 894 2989 denique
917 2917 1034 2990 tempus

148 3015 326 3078 conpressae
348 3015 448 3078 nares,
471 3001 536 3060 nasi
557 3000 698 3079 primoris
721 3015 845 3058 acumen

60 3105 129 3154 1185
148 3095 248 3168 tenve,
272 3089 365 3148 cavati
387 3085 477 3167 oculi,
501 3105 570 3148 cava
592 3094 738 3168 tempora,
760 3086 867 3165 frigida
889 3084 976 3165 pellis

147 3177 289 3257 duraque,
307 3176 516 3236 inhorrescens
533 3178 650 3256 rictum,
668 3176 750 3236 frons
763 3181 845 3235 tenta
858 3174 998 3235 tumebat.
1013 3195 1065 3237 nas

147 3283 202 3326 nec
224 3266 315 3326 nimio
339 3263 433 3343 rigida
455 3271 523 3342 post
544 3271 626 3325 artus
649 3271 744 3325 morte
767 3263 909 3325 iacebant.

57 3361 130 3412 1195
147 3361 306 3433 octavoque
330 3353 392 3414 iere
416 3351 554 3414 candenti
575 3351 687 3413 lumine
711 3352 781 3412 solis

147 3450 196 3502 aut
218 3444 308 3502 etiam
329 3460 407 3502 nona
429 3439 593 3502 reddebant
614 3439 747 3519 lampade
771 3443 867 3501 vitam.

52 3547 128 3610 ,1100
146 3547 272 3610 quorum
296 3532 402 3612 siquis,
425 3536 459 3590 ut
481 3538 539 3614 est,
561 3531 667 3590 vitarat
688 3528 796 3590 funera
815 3528 887 3609 leti,
