2430 3878
560 182 600 237 III
1039 181 1081 244 89

148 331 225 389 scire
248 328 318 409 licet
339 328 425 389 nobis
448 328 491 389 nil
514 346 579 388 esse
602 329 635 388 in
656 336 751 389 morte
773 329 950 410 timendum,
1043 349 1082 390 eoa

74 432 133 484 865
147 435 202 478 nec
225 418 368 476 miserum
391 417 457 476 sieri
480 418 531 495 qui
554 434 613 476 non
636 423 682 476 est
704 435 804 496 posse,
827 436 923 495 neque
945 416 1039 476 hilum

75 521 129 573 885
149 504 268 566 differre
292 523 329 565 an
352 504 432 564 nullo
456 505 546 564 luerit
568 507 627 563 iam
651 510 784 583 tempore
807 512 906 584 natus,

147 592 301 654 mortalem
322 594 412 653 vitam
435 610 514 653 mors
538 610 605 652 cum
628 592 791 652 inmortalis
814 592 930 653 ademit.

167 695 173 706 ·
191 680 318 741 Proinde
336 680 389 741 ubi
403 699 435 740 se
449 680 549 740 videas
562 680 712 741 hominem
725 681 908 759 indignarier
922 683 1028 760 ipsum,
1041 703 1082 742 aro

147 776 216 849 post
238 776 363 829 mortem
387 768 450 828 lore
473 775 506 829 ut
529 775 579 829 aut
600 776 736 846 putescat
758 786 882 846 corpore
904 777 989 846 posto

74 874 133 924 870
147 865 197 918 aut
220 857 345 917 flammis
368 857 498 917 interfiat
520 855 641 916 malisve
664 857 806 936 ferarum,

74 961 130 1011 870
148 947 225 1005 scire
248 944 317 1006 licet
338 962 399 1004 non
422 947 571 1005 sincerum
594 962 713 1024 sonere,
735 952 822 1023 atque
846 944 968 1005 subesse

149 1050 270 1094 caecum
292 1032 420 1111 aliquem
443 1032 526 1093 cordi
548 1032 713 1113 stimulum,
736 1035 869 1111 quamvis
891 1039 979 1110 neget
1000 1034 1064 1111 ipse

149 1120 271 1181 credere
286 1139 317 1180 se
333 1139 510 1199 quemquam
524 1119 581 1180 sibi
595 1138 716 1180 sensum
730 1123 761 1180 in
775 1127 870 1180 morte
884 1121 1029 1181 futurum:
1043 1140 1082 1181 sus

147 1226 221 1289 non,
242 1216 276 1273 ut
298 1211 416 1290 opinor,
440 1211 519 1268 enim
543 1208 591 1268 dat
614 1208 691 1287 quod
714 1211 860 1289 promittit
882 1216 912 1268 et
934 1208 1025 1288 unde,

74 1314 132 1364 875
149 1315 204 1357 neo
227 1296 368 1358 radicitus
391 1315 407 1357 e
430 1299 489 1356 vita
512 1315 544 1356 se
566 1295 643 1356 tollit
665 1303 695 1356 et
717 1298 799 1378 eicit,

74 1401 129 1451 875
150 1384 202 1445 sed
224 1385 295 1446 facit
317 1403 382 1445 esse
407 1387 454 1445 sui
477 1384 616 1463 quiddam
639 1402 729 1462 super
750 1386 863 1445 inscius
886 1385 958 1462 ipse.

148 1475 231 1533 vivus
255 1475 333 1533 enim
358 1472 415 1532 sibi
438 1491 504 1532 cum
527 1475 665 1551 proponit
688 1475 813 1552 quisque
836 1473 980 1553 futurum,

149 1578 256 1640 corpus
278 1562 323 1620 uti
345 1560 479 1621 volucres
501 1560 632 1621 lacerent
654 1563 685 1622 in
707 1568 801 1621 morte
825 1561 975 1641 seraeque,
1042 1583 1082 1622 eoo

148 1651 212 1728 ipse
236 1650 283 1709 sui
304 1651 439 1709 miseret:
462 1667 558 1727 neque
582 1651 661 1709 enim
685 1667 716 1708 se
740 1649 842 1709 dividit
865 1648 938 1709 illim

74 1752 135 1804 880
148 1755 203 1796 nec
225 1745 356 1797 removet
379 1739 450 1796 satis
473 1755 490 1797 a
511 1739 643 1815 proiecto
667 1755 789 1816 corpore
813 1743 842 1797 et
865 1737 948 1798 illum

74 1841 129 1890 880
148 1843 181 1885 se
204 1825 288 1903 tingit
310 1843 458 1903 sensuque
482 1843 535 1885 suo
559 1827 738 1886 contaminat
760 1832 870 1886 astans:

147 1913 216 1974 binc
239 1913 408 1991 indignatur
430 1931 463 1972 se
485 1912 639 1974 mortalem
662 1932 728 1974 esse
751 1920 895 1993 creatum,

148 2020 204 2062 nec
225 2001 305 2062 videt
327 2003 359 2060 in
381 2019 449 2060 vera
472 2000 585 2061 nullum
608 2002 670 2061 fore
693 2007 788 2061 morte
811 2001 900 2061 alium
923 2019 969 2081 se,
1042 2024 1081 2064 aas

148 2091 200 2168 qui
221 2091 316 2168 possit
338 2091 421 2148 vivus
445 2088 503 2148 sibi
526 2107 558 2148 se
581 2088 682 2167 lugere
705 2097 903 2169 peremptum,

74 2192 135 2244 835
149 2183 288 2256 stansque
311 2179 456 2237 iacentem
477 2193 510 2238 se
531 2176 655 2237 lacerari
677 2179 759 2237 urive
783 2176 890 2237 dolere.

75 2282 129 2332 885
148 2283 216 2325 nam
239 2267 319 2325 siin
342 2272 436 2326 morte
460 2264 598 2325 malumst
619 2264 705 2324 malis
727 2282 887 2343 morsuque
910 2265 1039 2325 ferarum

147 2355 281 2434 tractari,
303 2371 363 2413 non
385 2355 503 2413 invenio
527 2355 659 2432 quinon
682 2354 721 2413 sit
744 2352 882 2413 acerbum

147 2441 265 2520 ignibus
288 2442 450 2519 inpositum
473 2440 575 2501 calidis
597 2447 762 2501 torrescere
785 2440 923 2522 dammis,
1042 2466 1081 2504 aco

148 2531 252 2591 autin
274 2529 360 2590 melle
384 2531 474 2589 situm
497 2530 647 2608 suffocari,
673 2536 760 2607 atque
782 2531 880 2608 rigere

76 2617 270 2697 390srigore,
293 2635 361 2678 cum
384 2635 498 2678 summo
522 2617 611 2696 gelidi
634 2617 721 2678 cubat
743 2635 871 2697 aequore
895 2621 970 2698 saxi,

75 2722 130 2772 eoo
148 2707 283 2783 urgerive
306 2723 434 2784 superne
458 2705 599 2766 obtritum
620 2706 751 2784 pondere
773 2712 879 2766 terrae.

192 2788 264 2854 ‘lam
286 2796 344 2854 iam
367 2813 427 2855 non
449 2794 554 2854 domus
577 2796 702 2872 accipiet
723 2801 753 2855 te
775 2794 863 2874 laeta,
888 2812 984 2872 neque
1008 2813 1081 2854 uxor

148 2883 258 2960 optima
280 2901 336 2943 nec
358 2881 460 2943 dulces
483 2890 640 2943 occurrent
663 2880 762 2943 oscula
785 2883 846 2941 nati
1042 2904 1082 2944 aas

147 2971 317 3048 praeripere
341 2978 371 3030 et
392 2972 481 3030 tacita
502 2977 607 3048 pectus
631 2970 784 3030 dulcedine
807 2976 935 3047 tangent.

76 3072 134 3124 895
146 3076 206 3119 non
228 3061 340 3137 poteris
363 3059 447 3118 factis
469 3057 643 3119 florentibus
667 3076 733 3118 esse
755 3059 874 3136 tuisque

77 3162 129 3211 895
147 3146 336 3225 praesidium.
372 3149 483 3206 misero
505 3140 626 3206 misere’
649 3147 731 3205 aiunt
753 3141 863 3205 ‘omnia
886 3145 994 3206 ademit

147 3253 206 3295 una
229 3235 293 3296 dies
315 3235 422 3295 infesta
445 3232 500 3293 tibi
522 3240 566 3294 tot
587 3236 717 3312 praemia
741 3229 835 3293 vitae?

147 3322 220 3384 illud
243 3325 274 3382 in
296 3323 344 3383 his
366 3321 455 3382 rebus
479 3338 538 3381 non
561 3321 684 3402 addunt,
707 3317 774 3381 ‘nec
796 3321 851 3381 tibi
874 3340 976 3383 earum
1042 3345 1081 3384 eoo

147 3412 206 3471 iam
228 3409 408 3470 desiderium
431 3427 532 3469 rerum
555 3427 645 3487 super
667 3409 777 3469 insidet
799 3405 878 3470 una'

74 3515 131 3566 900
147 3499 225 3578 quod
247 3497 322 3558 bene
346 3500 373 3558 si
395 3497 513 3558 videant.
535 3499 632 3557 animo
656 3496 802 3578 dictisque
825 3506 1003 3576 sequautur,
