2430 3878
604 192 618 247 Ι
1069 192 1111 256 711

99 349 163 402 360
178 359 246 402 nam
269 343 296 403 si
317 340 521 403 tantundemst
543 343 575 402 in
597 340 679 402 lanae
703 340 833 420 glomere
857 347 998 421 quantum

100 438 157 488 355
177 432 309 509 corporis
333 433 364 490 iu
387 429 546 511 plumbost,
569 430 742 491 tantundem
764 430 894 510 pendere
916 449 971 510 par
993 436 1052 510 cst,
1071 442 1113 484 000

177 521 310 599 eorporis
338 518 496 579 officiumst
523 521 662 599 quoniam
683 537 820 597 premere
844 521 941 579 omnia
965 519 1112 599 deorsum,

178 614 279 668 contra
303 613 401 668 autem
423 613 528 668 natura
550 613 650 667 manet
673 609 737 667 sine
760 607 890 686 pondere
913 609 1018 667 inanis,

178 713 248 774 ergo
272 695 350 774 quod
373 701 541 774 magnumst
563 713 655 774 aeque
678 694 830 775 leviusque
853 695 982 776 videtur,

101 789 162 843 366
176 785 331 865 nimirum,
353 783 419 862 plus
443 801 509 844 esse
533 783 591 844 sibi
613 782 741 844 declarat
763 785 873 845 inanis:
1073 794 1113 838 seo

102 878 159 931 360
177 879 207 933 at
229 880 331 932 contra
354 873 471 950 gravius
493 870 560 950 plus
583 873 615 931 in
638 890 669 932 se
694 874 826 951 corporis
850 890 915 933 esse

178 960 294 1021 dedicat
317 967 347 1021 et
369 958 461 1020 multo
484 961 569 1020 ¹vacui
590 961 689 1020 minus
712 962 793 1020 intus
815 959 933 1022 habere.

177 1055 223 1109 est
245 1051 350 1129 igitur,
372 1050 526 1129 nimirum,
549 1048 580 1108 id
604 1047 681 1126 quod
704 1050 819 1109 ratione
843 1050 939 1127 sagaci

178 1138 361 1218 quaerimus,
383 1136 546 1197 admixtum
568 1135 670 1217 rebus,
694 1136 772 1215 quod
795 1139 882 1198 inane
904 1153 1052 1197 vocamus.

103 1231 163 1286 370
222 1224 296 1285 Illud
318 1227 350 1285 in
372 1224 419 1285 his
442 1224 532 1285 rebus
555 1242 593 1284 ne
615 1231 645 1285 te
668 1223 814 1285 deducere
837 1243 907 1286 vero
1073 1237 1113 1278 000

102 1322 158 1374 365
177 1316 284 1394 possit,
307 1312 385 1392 quod
409 1312 528 1392 quidam
551 1313 677 1393 fingunt,
700 1330 892 1391 praecurrere
916 1330 1012 1391 cogor.

179 1402 284 1463 cedere
308 1403 502 1480 squamigeris
524 1400 626 1461 latices
650 1400 813 1461 nitentibus
836 1403 918 1462 aiunt

179 1497 209 1551 et
230 1489 357 1568 liquidas
380 1492 495 1568 aperire
518 1491 593 1570 rias,
617 1491 685 1567 quia
708 1496 776 1568 post
797 1489 862 1550 loca
884 1492 982 1569 pisces

177 1577 323 1659 linquant,
347 1596 404 1657 quo
427 1579 543 1656 possint
566 1576 704 1638 cedentes
728 1578 876 1639 coniluere
899 1578 1009 1659 undae3
1074 1588 1113 1632 000

104 1674 164 1728 375
180 1670 224 1728 sic
246 1665 318 1727 alias
342 1684 458 1745 quoque
482 1683 531 1726 res
553 1667 631 1726 iuter
655 1683 687 1726 se
709 1684 797 1744 posse
820 1668 933 1727 moveri

106 1765 160 1815 300
179 1763 209 1817 et
230 1763 344 1815 mutare
367 1753 479 1834 locum,
503 1755 634 1832 quamvis
657 1755 718 1815 sint
740 1757 837 1815 omnia
859 1754 954 1834 plena.

179 1843 306 1925 scilicet,
329 1842 360 1902 id
383 1841 454 1902 falsa
477 1848 572 1902 totum
594 1843 708 1903 ratione
730 1849 920 1922 receptumst.

179 1949 246 1992 nam
270 1949 328 2010 quo
352 1931 532 2009 squamigeri
553 1937 694 2008 poterunt
715 1931 876 2010 procedere
899 1930 1031 2013 tandem,

178 2022 211 2082 ni
234 2021 360 2099 spatium
384 2018 520 2079 dederint
542 2015 666 2079 latices?
702 2019 864 2080 concedere
886 2037 976 2098 porro

107 2117 165 2169 380
181 2126 238 2189 quo
261 2113 401 2187 poterunt
422 2106 537 2187 undae,
560 2124 627 2167 cum
650 2108 747 2187 pisces
770 2110 814 2167 ire
837 2103 1024 2186 nequibunt?
1074 2120 1113 2161 000

107 2204 162 2256 305
180 2203 230 2257 aut
251 2198 342 2275 igitur
363 2201 446 2256 motu
468 2195 672 2274 privandumst
694 2213 817 2273 corpora
841 2213 987 2276 quaeque,

181 2291 230 2346 aut
252 2302 318 2344 esse
341 2283 503 2344 admixtum
526 2282 715 2344 dicundumst
736 2282 825 2343 rebus
849 2285 949 2362 inane,

180 2372 258 2434 unde
281 2373 387 2433 initum
409 2373 539 2451 primum
562 2373 657 2450 capiat
678 2389 727 2431 res
751 2389 885 2449 qrraeque
907 2370 1053 2431 morendi.

179 2468 330 2542 postremo
353 2460 410 2520 duo
433 2459 470 2521 de
493 2477 640 2521 concursu
662 2477 786 2538 corpora
808 2459 864 2520 lata

108 2556 164 2609 385
180 2551 207 2610 si
230 2550 287 2609 cita
309 2547 474 2629 dissiliant,
489 2565 595 2626 nempe
618 2552 669 2608 aer
692 2566 778 2609 omne
801 2555 965 2630 necessest,
1074 2558 1114 2602 aes

107 2644 162 2697 380
179 2639 258 2698 iuter
280 2654 403 2715 corpora
427 2636 589 2717 quod-liat,
611 2636 744 2715 possidat
765 2639 864 2698 inane:

180 2727 207 2787 is
229 2742 318 2804 porro
341 2726 473 2804 quamvis
495 2727 608 2785 circum
631 2723 829 2786 celerantibus
851 2727 931 2786 auris

182 2812 323 2893 confluat,
345 2812 422 2874 haud
445 2815 555 2891 poterit
577 2819 675 2873 tamen
697 2831 757 2873 uno
779 2820 913 2892 tempore
934 2817 1029 2872 totum

180 2900 322 2981 compleri
346 2904 485 2980 spatium:
508 2918 575 2962 uam
598 2902 728 2979 primum
751 2918 897 2980 quemque
920 2907 1073 2961 necessest

107 2997 166 3050 390
179 2996 303 3068 occupet
320 2989 369 3050 ille
393 2989 503 3070 locum,
526 2989 632 3050 deinde
656 2991 753 3049 omnia
775 2988 989 3068 possideantur.
1074 3002 1115 3042 seo

106 3085 162 3137 386
182 3078 260 3158 quod
283 3080 309 3138 si
332 3078 406 3138 forte
430 3077 549 3157 aliquis,
575 3096 642 3138 cum
666 3095 788 3157 corpora
812 3075 981 3158 dissiluere,

181 3174 244 3228 tum
267 3173 350 3246 putat
372 3166 402 3226 id
427 3167 492 3226 lieri
515 3167 583 3244 quia
606 3183 638 3226 se
662 3165 839 3226 condenseat
862 3169 926 3246 aer,

182 3263 273 3316 errat:
296 3273 364 3315 nam
387 3271 510 3315 vacuruu
532 3259 594 3314 tum
617 3254 651 3314 lit
674 3253 752 3331 quod
775 3271 834 3313 non
858 3254 913 3314 luit
935 3261 1016 3336 ante,

181 3351 211 3405 et
232 3343 363 3422 repletur
385 3344 458 3403 item
480 3359 603 3402 vacuum
627 3341 704 3420 quod
728 3343 860 3403 constitit
883 3348 963 3422 ante,

107 3438 165 3492 395
177 3450 233 3493 uec
256 3430 308 3492 tali
329 3433 442 3491 ratione
465 3436 563 3508 potest
586 3429 739 3490 denserier
762 3434 825 3512 adr,
1075 3438 1114 3482 asa

109 3528 162 3578 300
179 3538 247 3600 nec,
271 3521 296 3579 si
318 3521 376 3579 iam
399 3525 514 3602 posset,
538 3520 603 3580 siue
625 3519 712 3581 inani
730 3526 854 3602 posset,
872 3519 1001 3597 opinor,
