2430 3878
142 182 182 238 VI
505 181 784 240 PROLEGOMENA.

144 351 212 393 cum
243 332 431 411 praefatione.
482 339 582 392 secuta
614 338 659 391 est
686 340 823 409 quattuor
848 335 932 393 annis
959 340 1026 412 post
1052 336 1145 394 maior

144 419 234 481 editio
254 438 320 480 cum
340 421 557 480 commentariis
576 419 690 479 duobus
710 428 740 480 et
757 423 998 500 interpretatione
1017 421 1144 500 Anglica.

144 508 181 568 de
213 510 298 569 cuius
329 508 398 568 libri
428 506 586 568 virtutibus
619 506 689 586 quid
721 509 794 568 mihi
821 509 970 569 videretur
997 518 1063 570 aute
1090 511 1145 570 hos

144 595 211 675 plus
238 599 342 675 viginti
369 615 460 656 annos
488 599 519 656 in
547 595 684 655 Bnrsiani
711 596 875 678 annalibus,
901 600 953 676 qui
978 598 1144 659 inscribun-

144 691 194 744 tur
220 683 440 745 Jahresbericht
470 683 545 744 uber
576 684 623 744 die
654 683 848 746 Fortschritte
880 685 933 746 der
963 685 1146 746 klassischen

144 771 537 853 Alterthumswissenschalt,
561 791 585 832 a.
610 769 695 834 1873
717 793 745 853 p.
774 770 990 836 loos-1129
1014 779 1145 853 exposui.

144 861 275 942 posthac,
303 879 377 941 quae
405 863 436 920 in
459 861 596 921 bursiani
623 861 789 942 annalibus,
816 864 867 941 qui
889 880 968 922 nunc
991 862 1026 922 ab
1049 862 1145 923 lvvano

144 948 267 1009 Millero
286 949 423 1030 eduntur,
442 951 558 1028 scripsi,
576 949 724 1010 annalium
742 949 985 1011 Lucretianorum
1005 951 1145 1011 vocabulo

145 1037 324 1116 significabo.
374 1040 433 1097 iam
465 1055 579 1118 eorum,
611 1056 685 1116 quae
717 1038 760 1098 ibi
790 1041 898 1117 scripsi
930 1039 966 1100 de
993 1038 1146 1099 Munronis

145 1128 273 1206 meritis,
306 1145 449 1186 summam
480 1125 609 1186 breviter
640 1127 893 1205 comprehendam.
942 1126 1047 1187 Munro
1079 1146 1146 1188 oum

145 1214 381 1294 quattuordecim
412 1232 514 1274 corum
541 1213 662 1274 Lucreti
693 1217 832 1275 carminis
859 1214 1006 1296 codicum,
1038 1218 1089 1294 qui
1115 1219 1147 1276 111

146 1301 245 1363 ltaliae
281 1301 405 1363 urbibus
442 1310 640 1382 asservantur,
677 1310 727 1362 aut
759 1302 914 1381 diligenter
944 1311 1147 1382 perscrutatus

146 1397 226 1451 esset
244 1398 295 1451 aut
312 1398 392 1451 certe
411 1393 589 1470 inspexisset
604 1393 734 1470 itemque
752 1398 866 1451 veteres
880 1390 971 1451 libros
986 1394 1147 1471 impressos

146 1487 260 1540 tantum
287 1497 347 1539 non
374 1497 475 1538 omnes
504 1486 658 1557 cognosset
683 1486 712 1539 et
734 1497 794 1539 non
816 1498 909 1559 pauca
932 1498 967 1538 ex
990 1480 1037 1539 his
1060 1481 1147 1541 lonti-

145 1567 202 1628 bus
237 1567 321 1628 utilia
354 1567 513 1647 hausisset,
549 1586 565 1626 a
597 1566 756 1646 bernaysio
789 1567 856 1647 plus
888 1570 1029 1627 trecentis
1062 1571 1147 1647 quin-

149 1658 287 1735 quaginta
320 1655 393 1715 locis
429 1655 579 1736 discessit,
610 1674 636 1716 v.
668 1655 738 1714 Poll.
771 1658 803 1715 in
834 1654 933 1735 philol.
965 1655 1042 1715 XXV
1072 1653 1148 1737 497,

145 1744 335 1805 Leidensium
368 1745 571 1804 auctoritatem
603 1762 619 1803 a
651 1743 836 1804 Lachmanno
869 1750 997 1822 spretam
1030 1751 1147 1805 centum

146 1833 208 1893 fere
236 1835 447 1911 quinquaginta
469 1831 541 1892 locis
564 1833 708 1912 restituit,
734 1839 892 1910 utrumque
914 1832 1006 1892 multo
1030 1836 1148 1911 saepius

146 1928 227 1982 11111
260 1939 347 1999 quam
379 1919 464 2000 falso,
496 1939 521 1980 1.
554 1937 619 1980 ann.
653 1919 769 1980 Lucret.
798 1916 883 1982 1873
913 1939 940 1997 p.
970 1917 1056 1980 1104
1085 1939 1147 2000 sqq.

146 2008 225 2069 idem
246 2016 296 2069 aut
315 2028 350 2070 ex
369 2008 493 2068 aliorum
512 2009 690 2068 coniecturis
708 2008 923 2068 aLachmanno
942 2007 988 2068 vel
1006 2008 1148 2086 neglectis

147 2096 192 2157 vel
216 2098 359 2158 damnatis
382 2104 433 2156 aut
455 2099 517 2156 suis
539 2098 603 2175 ipse
626 2098 754 2156 inventis
779 2114 838 2156 non
860 2115 962 2177 pauca,
986 2115 1060 2175 quae
1084 2116 1148 2158 cor-

147 2193 233 2265 rupta
256 2193 352 2265 erant,
375 2187 494 2245 sanavit.
539 2183 591 2244 ubi
614 2186 730 2266 erravit,
753 2183 830 2264 quod
854 2202 913 2244 non
941 2202 1008 2244 raro
1032 2186 1148 2267 accidit,

146 2281 180 2334 ut
200 2275 288 2334 homo
310 2275 396 2334 venia
418 2273 523 2351 dignus
546 2280 599 2333 est.

235 2363 344 2434 Quarto
361 2361 425 2422 loco
443 2364 522 2421 inter
538 2360 659 2421 Lucreti
677 2360 805 2420 editores
823 2378 1010 2420 numerarem
1026 2359 1149 2420 Fride·

146 2453 259 2511 ricum
282 2448 602 2528 bockemvillerum,
624 2450 682 2508 nisi
705 2450 769 2527 ipse
792 2454 915 2508 testatus
939 2454 1019 2509 esset
1042 2467 1074 2508 se
1101 2449 1149 2509 his

146 2538 333 2599 adnumerari
356 2536 441 2598 nolle.
489 2536 519 2596 id
544 2555 575 2596 se
598 2555 684 2614 agere
708 2536 793 2616 dixit,
817 2543 850 2596 ut
872 2538 930 2616 111,
953 2538 1004 2615 qui
1025 2543 1094 2614 post
1117 2556 1148 2597 se

146 2645 266 2688 carmen
277 2626 322 2686 ·de
341 2644 441 2686 rerum
460 2632 564 2685 natura
583 2624 691 2685 edituri
709 2631 817 2704 essent,
841 2623 1051 2705 suppeditaret,
1075 2643 1148 2703 quae

145 2715 254 2776 multos
272 2732 326 2793 per
344 2732 436 2774 annos
454 2715 486 2773 in
506 2713 612 2773 studiis
625 2713 809 2773 Lucretianis
827 2719 961 2772 versatus
978 2714 1148 2773 invenisset.

146 2803 234 2864 huius
262 2804 294 2862 in
320 2804 377 2862 viri
398 2803 517 2880 ingenio
540 2808 620 2861 tanta
643 2802 699 2861 luit
720 2795 925 2881 repugnantia,
953 2808 986 2860 ut
1007 2803 1149 2861 maiorem

146 2909 206 2952 non
229 2891 313 2951 facilc
337 2893 369 2950 in
386 2889 447 2950 ullo
465 2890 583 2950 homine
601 2892 741 2950 invenias.
782 2907 850 2950 nam
869 2907 936 2949 cum
955 2889 1149 2967 capitulorum

146 2979 282 3040 ordinem
304 2981 335 3038 in
353 2978 438 3039 libris
456 2980 665 3057 manuscriptis
683 2977 833 3038 turbatum
851 2995 911 3037 non
929 2994 996 3036 raro
1015 2979 1149 3039 acumine

147 3070 255 3129 eximio
287 3067 455 3146 indagasset
486 3073 515 3126 et
547 3085 604 3146 quo
637 3068 763 3145 quicque
791 3065 1042 3144 transponendum
1071 3073 1149 3126 esset

145 3159 356 3237 perspexisset,
380 3156 459 3217 idem
484 3173 543 3215 non
565 3154 652 3214 modo
676 3154 712 3214 de
736 3156 875 3213 carminis
899 3155 1012 3231 origine
1036 3153 1148 3214 fabulas

146 3247 275 3306 narravit
301 3263 425 3323 prorsus
452 3242 654 3324 incredibiles,
685 3241 735 3302 sed
763 3244 794 3302 in
821 3248 904 3302 textu
931 3260 1018 3320 quem
1046 3250 1151 3302 vocant

146 3332 353 3394 constituendo
383 3334 553 3411 saepissime
580 3330 626 3391 vel
653 3333 684 3390 in
712 3331 866 3390 sanissima
892 3349 1024 3409 quaeque
1048 3333 1151 3390 saeviit

148 3424 232 3499 quasi
255 3423 354 3482 lurore
377 3421 516 3500 abreptus
539 3427 569 3480 et
592 3421 689 3479 omnia
707 3418 877 3478 foedissime
895 3419 1031 3479 turbavit.
1071 3417 1151 3479 velut

128 3509 166 3561 in
184 3507 265 3564 libri
283 3509 411 3569 alterius
432 3507 566 3569 versibus
587 3503 760 3570 lov-176
779 3506 851 3567 hacc
870 3509 1000 3584 scripsit:
1022 3502 1070 3568 Ac
1085 3505 1152 3584 qui»
