2430 3878
590 169 617 226 V
1040 167 1103 232 153

100 323 155 376 801
169 316 285 378 lincunt
307 323 410 397 sponte
434 335 487 378 sua
509 319 620 378 victum
642 319 789 396 vitamque
812 325 954 397 petentes.

172 412 237 466 tum
258 404 316 466 tibi
337 413 416 466 terra
444 405 526 467 dedit
547 407 677 485 primum
698 405 832 466 mortalia
855 406 957 467 saecla.
1064 425 1104 468 ooo

171 493 283 554 multus
306 495 385 555 enim
408 493 488 554 calor
511 501 598 573 atque
622 512 707 554 umor
730 493 887 574 superabat
908 496 940 554 in
963 496 1052 555 arvis:

172 581 229 643 hoc
251 581 304 643 ubi
326 599 459 661 quaeque
482 581 541 642 loci
562 584 644 660 regio
667 589 831 662 opportuna
854 581 989 664 dabatur,

101 686 154 736 196
174 669 347 731 crescebant
368 671 448 730 uteri
469 676 580 732 terram
602 670 751 732 radicibus
774 673 848 752 apti3

100 765 159 816 866
174 775 248 837 quos
270 757 324 819 ubi
344 765 477 836 tempore
499 765 615 819 maturo
637 759 817 839 patefecerat
838 766 918 820 aetas

173 846 332 927 infantum,
354 846 470 924 fugiens
492 864 627 907 umorem
650 866 794 927 aurasque
817 854 984 927 petessens,
1065 869 1103 911 cn

174 933 362 996 convertebat
384 933 427 995 ibi
448 941 552 995 natura
575 935 717 997 foramina
738 942 843 997 terrae

174 1029 204 1084 81
226 1041 331 1084 sucum
352 1024 435 1083 181118
458 1023 580 1102 cogebat
597 1023 721 1084 fundere
744 1026 855 1103 apertis

100 1127 155 1176 800
174 1110 358 1172 consimilem
379 1109 477 1192 lactis,
500 1113 577 1172 sicut
598 1130 678 1173 nunc
699 1112 808 1173 femina
831 1130 963 1192 quaeque

100 1205 156 1256 811
175 1218 242 1260 cum
264 1201 393 1280 peperit,
416 1199 497 1260 dulci
518 1199 649 1279 repletur
671 1199 763 1282 lacte,
783 1200 860 1280 quod
883 1202 979 1260 omnis

173 1289 301 1366 impetus
323 1290 355 1348 in
377 1305 519 1348 mammas
542 1290 724 1349 convertitur
745 1287 795 1349 ille
818 1287 957 1349 alimenti
1062 1309 1103 1351 818

173 1382 252 1454 18118
266 1374 373 1437 vciburn
396 1378 511 1457 pueris,
533 1382 645 1436 restem
667 1394 769 1458 vapor,
790 1375 882 1436 herba
904 1375 1000 1437 cubile

173 1463 332 1545 praebebat
354 1463 445 1524 multa
468 1470 498 1525 et
519 1463 602 1524 molli
623 1463 760 1543 lanugine
783 1463 943 1526 abundans.

100 1567 155 1617 886
174 1559 204 1612 81
225 1554 338 1613 novitas
360 1551 464 1612 mundi
485 1570 541 1613 nec
563 1552 672 1631 frigora
695 1553 768 1613 dura
791 1551 887 1614 ciebat

101 1648 159 1698 816
172 1659 227 1702 nec
248 1642 357 1700 nimios
379 1646 479 1701 aestus
500 1659 557 1701 nec
577 1643 692 1720 magnis
714 1640 826 1702 viribus
844 1660 938 1702 auras.

174 1731 271 1790 omnia
293 1730 373 1789 enim
394 1730 507 1807 pariter
529 1736 667 1790 crescunt
689 1736 719 1791 et
740 1729 847 1791 robora
869 1738 998 1791 sumunt.
1062 1754 1102 1795 oro

217 1816 314 1889 Quare
341 1818 429 1877 etiam
455 1822 543 1896 atque
569 1820 658 1878 etiam
680 1824 846 1879 maternum
867 1834 975 1879 nomen
998 1819 1100 1899 adepta

173 1912 252 1966 terra
274 1911 357 1966 tenet
378 1906 498 1985 merito,
520 1907 659 1983 quoniam
681 1923 774 1985 genus
796 1908 860 1984 ipsa
883 1909 990 1968 creavit

102 2009 156 2060 810
173 1994 334 2054 humanum
355 1998 442 2072 atque
466 1992 574 2053 animal
594 2012 687 2073 prope
710 2001 791 2054 certo
813 2001 946 2073 tempore
969 1995 1045 2056 fudit

102 2089 158 2142 821
175 2100 275 2162 omne,
298 2081 375 2161 quod
398 2083 430 2141 in
453 2082 566 2159 magnis
588 2080 747 2142 bacchatur
769 2081 911 2142 montibu'
932 2084 1055 2164 passim,

174 2172 326 2249 aeriasque
350 2168 437 2229 simul
460 2168 595 2229 volucres
616 2169 789 2230 variantibu'
811 2169 922 2230 formis.
1062 2193 1102 2235 818

175 2258 227 2319 sed
250 2260 318 2336 quia
340 2257 429 2318 finem
452 2256 579 2337 aliquam
601 2257 737 2337 pariendi
758 2256 846 2318 debet
867 2256 989 2338 babere,

174 2347 301 2426 destitit,
322 2353 355 2406 ut
376 2345 484 2406 mulier
506 2346 599 2424 spatio
623 2345 738 2406 defessa
760 2351 883 2406 vetusto.

102 2451 155 2503 816
173 2440 267 2496 mutat
289 2435 368 2495 enim
390 2433 494 2495 mundi
515 2439 650 2494 naturam
671 2435 762 2494 totius
785 2440 878 2514 aetas,

101 2530 161 2584 826
175 2542 211 2584 ex
234 2523 349 2603 alioque
372 2521 447 2583 alius
470 2528 563 2583 status
586 2524 722 2602 excipere
746 2524 844 2584 omnia
865 2522 966 2604 debet,
1062 2546 1102 2587 888

174 2629 230 2673 nec
251 2617 350 2672 manet
371 2610 432 2671 ulla
454 2612 502 2670 sui
524 2609 628 2672 similis
650 2629 712 2671 res:
736 2612 833 2672 omnia
855 2613 996 2693 migrant,

175 2701 273 2760 omnia
295 2705 454 2760 commutat
475 2705 579 2759 natura
602 2705 632 2760 et
653 2705 768 2760 vertere
791 2701 877 2778 cogit.

173 2806 300 2867 namque
323 2786 401 2848 aliud
424 2788 569 2865 putrescit
591 2793 621 2847 et
642 2805 713 2847 aevo
736 2786 832 2848 debile
855 2787 985 2867 languet,

103 2893 155 2942 818
173 2894 262 2955 porro
285 2875 363 2936 aliud
390 2873 525 2935 clarescit
547 2881 577 2936 et
598 2891 615 2938 8
636 2875 852 2955 contemptibus
875 2877 943 2936 exit.

101 2971 155 3022 831
171 2966 216 3025 sic
237 2966 328 3042 igitur
349 2963 453 3024 mundi
474 2969 609 3023 naturam
632 2965 722 3024 totius
745 2969 825 3024 aetas

173 3059 280 3133 mutat,
302 3059 333 3112 81
355 3070 391 3112 ex
414 3050 471 3111 alio
493 3058 604 3112 terram
627 3058 720 3112 status
743 3052 852 3130 excipit
874 3049 961 3130 alter,
1063 3073 1102 3115 888

173 3141 251 3220 quod
273 3140 342 3201 tulit
364 3146 397 3200 ut
419 3146 558 3220 nequeat,
581 3141 676 3219 possit
699 3138 777 3219 quod
798 3156 858 3199 non
880 3137 949 3198 tulit
971 3146 1046 3200 ante.

216 3228 364 3309 Multaque
387 3236 451 3289 tum
472 3227 560 3288 tellus
583 3229 671 3288 etiam
693 3233 830 3307 portenta
853 3244 953 3287 creare

99 3335 152 3385 828
172 3324 305 3379 conatast
326 3318 402 3377 mira
424 3316 499 3377 facie
521 3314 721 3395 membrisque
745 3322 857 3392 coorta,

99 3413 157 3466 836
171 3406 381 3486 androgynum,
388 3407 606 3482 interutrasque
614 3422 670 3465 nec
676 3409 786 3485 utrum,
792 3405 941 3483 utrimque
947 3410 1101 3485 remotum,

171 3495 242 3556 orba
264 3493 373 3575 pedum
395 3494 516 3573 partim,
538 3509 678 3552 manuum
701 3492 818 3553 viduata
840 3493 985 3573 vicissim,
1061 3515 1100 3554 818
