2430 3878
98 174 141 239 12
595 173 609 226 Ι

169 324 232 400 ipse
256 323 288 381 in
311 339 342 381 se
366 319 484 381 trahere
508 327 537 381 et
559 321 652 400 partis
676 319 839 381 conducere
862 321 894 381 in
916 338 1019 383 unum.

213 409 276 479 Qua
297 415 433 490 propter,
457 411 590 487 quamvis
613 407 760 469 causando
783 407 876 469 muita
898 411 1039 490 moreris,

170 515 235 558 esse
258 499 290 559 in
312 495 402 557 rebus
427 499 515 558 inane
537 504 637 557 tamen
659 497 768 557 fateare
791 504 951 558 necessest.

98 593 153 644 400
169 584 318 664 multaque
340 591 495 665 praeterea
514 584 573 645 tihi
595 603 717 664 possum
741 584 997 646 commemorando
1069 597 1113 640 roo

99 680 151 731 395
170 680 341 752 argumenta
364 673 453 733 fldem
476 673 564 734 dictis
584 673 748 734 conradere
771 675 889 734 nostris.

170 780 272 822 verum
295 763 392 822 animo
417 763 488 822 satis
510 762 583 822 haec
606 764 729 840 vestigia
751 779 840 840 parva
863 763 961 841 sagaci

170 857 252 932 sunt,
274 868 329 929 per
351 868 425 929 quae
449 851 546 929 possis
570 867 747 929 cognoscere
771 856 869 910 cetera
891 857 968 911 tute:

170 957 296 1018 namque
320 956 408 999 canes
431 945 464 999 ut
486 940 670 1017 montivagae
692 955 836 1017 persaepe
859 938 989 1001 serarum

99 1034 154 1086 405
169 1026 291 1088 naribus
314 1028 469 1087 inveniunt
490 1029 614 1087 intectas
638 1025 741 1086 fronde
765 1028 893 1107 quietes,
1068 1039 1113 1082 400

100 1124 238 1177 tuocum
262 1115 354 1176 semel
376 1117 549 1176 institerunt
571 1116 694 1193 vestigia
717 1119 797 1175 certa
819 1115 890 1195 viai,

171 1206 215 1264 sic
238 1203 297 1263 0111
320 1221 356 1264 ex
379 1203 435 1263 0110
458 1221 512 1283 per
535 1210 564 1264 te
587 1209 649 1263 tute
672 1205 736 1280 ipse
759 1202 860 1263 videre

170 1291 278 1352 talibus
300 1293 333 1351 in
354 1291 445 1352 rebus
467 1293 580 1370 poteris
604 1308 765 1368 caecasque
787 1288 915 1350 latebras

161 1382 324 1448 ‘insinuare
347 1381 443 1439 omnis
466 1387 497 1439 et
518 1396 621 1439 verum
642 1378 816 1457 protrahere
839 1378 916 1439 inde.

101 1475 155 1526 410
171 1467 249 1546 quod
272 1468 298 1527 si
331 1469 457 1546 pigraris
486 1465 640 1546 paulumve
663 1468 824 1527 recesseris
847 1465 883 1527 ab
906 1485 953 1549 re,
1068 1481 1114 1522 00

103 1562 154 1613 405
172 1555 228 1615 hoc
251 1554 306 1615 tibi
329 1554 366 1614 de
388 1553 475 1633 plano
498 1572 620 1634 possum
642 1557 829 1636 promittere,
851 1554 984 1617 Memmi:

172 1661 268 1721 usque
291 1642 363 1702 adeo
386 1642 483 1721 largos
505 1643 628 1703 haustus
650 1661 668 1702 0
692 1642 814 1704 iontihu’
836 1645 950 1722 magnis

172 1732 272 1810 lingna
294 1748 361 1791 meo
384 1732 482 1792 suavis
505 1730 561 1790 diti
583 1730 620 1790 de
642 1737 762 1810 pectore
786 1731 901 1812 fundet,

173 1826 207 1880 ut
228 1836 331 1879 verear
353 1837 391 1879 00
414 1819 497 1879 tarda
519 1820 603 1898 prius
626 1836 680 1897 per
701 1819 835 1879 membra
857 1827 995 1881 senectus

102 1915 156 1966 415
173 1914 272 1986 serpat
294 1914 324 1967 et
346 1908 377 1967 in
399 1906 486 1967 nobis
508 1908 579 1967 vitai
601 1906 726 1970 claustra
750 1907 890 1987 resolvat,
1070 1923 1114 1964 00

103 2004 155 2053 410
175 2013 262 2074 quam
284 1994 339 2056 tibi
363 1994 399 2055 de
423 1997 525 2075 quavis
548 2013 606 2056 000
628 2012 661 2055 re
683 1994 819 2056 versibus
842 1997 938 2056 omnis

174 2090 414 2163 argumentorum
436 2086 477 2144 sit
499 2085 583 2163 copia
605 2085 694 2144 missa
717 2101 771 2162 per
793 2085 882 2144 auris.

219 2171 276 2232 Sed
299 2190 378 2233 nunc
402 2179 435 2232 ut
457 2179 590 2251 repetam
613 2179 749 2250 coeptum
770 2178 926 2251 pertexere
949 2169 1052 2253 dictis,

174 2262 270 2321 omnis
293 2267 327 2322 ut
349 2267 395 2321 est
416 2262 507 2339 igitur
529 2278 584 2339 per
607 2278 638 2321 se
661 2267 766 2320 natura
789 2259 902 2320 duabus

103 2355 160 2408 420
173 2350 305 2410 constitit
327 2350 359 2409 in
382 2348 485 2409 rebus:
507 2366 576 2409 nam
598 2365 721 2426 corpora
745 2354 827 2428 sunt,
849 2354 879 2408 et
901 2349 1002 2428 inane,
1070 2362 1114 2403 00

104 2444 156 2494 415
174 2435 247 2497 haec
270 2438 302 2496 in
326 2454 383 2515 000
408 2438 464 2496 0110
487 2443 608 2496 000101
631 2454 688 2514 qua
710 2435 826 2496 diversa
847 2442 1011 2497 moventur.

175 2541 283 2603 corpus
306 2526 385 2584 enim
407 2542 461 2602 per
484 2543 516 2585 se
540 2526 704 2584 communis
728 2523 844 2584 dedicat
867 2542 932 2585 esse

175 2629 294 2691 sensus;
318 2613 366 2671 cui
387 2613 448 2671 nisi
470 2613 565 2691 prima
588 2611 662 2672 fides
684 2611 804 2673 fundata
825 2611 946 2692 valebit,

175 2698 246 2760 haut
268 2701 325 2759 erit
348 2698 471 2760 occultis
494 2699 530 2760 de
553 2698 643 2760 rebus
667 2717 724 2778 000
747 2701 910 2761 referentes

104 2794 160 2848 405
175 2788 349 2848 confirmare
372 2789 462 2848 animi
484 2789 642 2867 quicquam
665 2790 778 2850 ratione
802 2805 952 2868 queamus.
1071 2802 1113 2844 00

104 2883 238 2936 4101001
261 2893 350 2955 porro
373 2876 456 2937 locus
479 2894 513 2937 00
536 2878 676 2957 spatium,
700 2876 777 2954 0001
800 2878 888 2937 10000
911 2893 1064 2958 vocamus,

176 2966 202 3025 si
224 2962 338 3025 nullum
360 2964 450 3046 foret,
472 2964 542 3026 haut
564 2982 689 3043 usquam
712 2966 768 3025 sita
791 2981 914 3042 corpora
936 2972 1061 3044 possent

175 3070 241 3113 esse
265 3071 361 3132 neque
385 3054 504 3113 omnino
528 3071 674 3132 quaquam
697 3052 813 3113 diversa
835 3069 947 3133 meare3

176 3139 207 3200 id
231 3140 308 3218 quod
331 3142 390 3201 iam
413 3159 519 3220 supera
542 3141 597 3201 tibi
619 3139 705 3219 paulo
730 3140 912 3202 ostendimus
935 3147 1011 3202 ante.

105 3236 160 3288 430
176 3236 330 3308 praeterea
352 3229 395 3290 011
418 3228 564 3309 0010001
587 3230 684 3308 possis
707 3229 807 3290 dicere
830 3228 865 3290 ab
889 3231 971 3290 omni
1072 3242 1115 3284 eso

105 3325 157 3375 405
177 3335 301 3396 corpore
325 3319 491 3379 seiunctum
515 3324 720 3396 secretumque
744 3317 869 3379 0000011
893 3319 987 3398 mani,

177 3405 360 3485 000100001
383 3407 469 3467 tertia
493 3408 532 3466 sit
553 3423 677 3466 numero
700 3413 805 3467 natura
827 3416 953 3484 reperta.

170 3512 242 3554 nam
271 3492 479 3575 quodcumque
507 3494 578 3577 erit,
605 3513 671 3556 esse
699 3493 796 3574 011000
819 3493 939 3555 debebit
960 3493 992 3554 id
1014 3495 1114 3574 ipsum
