2430 3878
544 234 572 291 V
994 235 1056 299 147

128 390 294 463 quantaque
316 390 453 462 quantast
474 383 544 443 hinc
565 381 651 444 nobis
673 383 807 444 videatur
828 385 860 444 in
882 384 949 445 alto.

127 479 279 552 postremo
301 489 503 551 quoscumque
527 471 610 532 vides
631 471 701 533 hino
723 472 853 533 aetheris
876 474 974 553 ignes,
1017 494 1058 536 505

56 577 109 627 505
129 559 368 640 quandoquidem
396 577 598 640 quoscumque
626 562 658 620 in
679 563 771 621 terris
793 562 942 621 cernimus
964 563 1057 641 ignes,

55 656 113 708 500
129 649 199 710 dum
222 656 335 709 tremor
355 650 401 711 est
422 648 533 729 010000,
555 648 626 709 dum
648 651 780 710 cernitur
802 649 890 709 ardor
913 667 1029 729 eorum,

34 770 44 791 .
128 755 302 817 perparvom
324 736 465 816 quiddam
486 737 636 798 interdum
658 731 773 798 mutare
794 737 931 797 videntur

128 826 250 887 alteram
272 833 370 886 utram
392 827 424 885 in
446 831 560 904 partem
583 825 678 908 filum,
702 843 760 905 quo
782 825 899 904 longius
920 825 1039 906 absunt,

129 916 206 975 scire
228 913 300 974 licet
320 927 463 993 perquam
484 913 613 992 pauxillo
635 931 723 992 posse
745 916 877 974 minores
1016 934 1058 976 5οι

55 1019 111 1069 000
129 1020 194 1063 0000
216 1001 263 1062 vel
285 1004 390 1080 exigua
409 1003 531 1062 maioris
552 1007 635 1080 parte
657 1001 807 1080 brevique
1018 1021 1057 1064 005

56 1097 112 1150 591
171 1089 246 1151 lllud
269 1092 341 1150 dem
363 1106 423 1149 non
445 1096 491 1150 est
513 1090 699 1169 mirandum,'
716 1108 774 1170 qua
795 1092 909 1151 ratione
1018 1111 1058 1153 500

128 1178 259 1240 tantulus
281 1177 331 1238 llle
354 1185 443 1256 queat
464 1184 579 1238 tautum
602 1177 646 1238 sol
668 1180 786 1239 mittere
808 1178 921 1259 lumen,

130 1267 208 1346 quod
230 1268 324 1327 maria
345 1284 379 1326 ao
401 1273 498 1327 terras
520 1268 617 1326 omnis
639 1266 811 1345 caelumque
834 1265 955 1345 rigando

129 1355 274 1434 compleat
296 1362 327 1415 ot
349 1352 444 1414 calido
466 1355 625 1433 perfundat
647 1362 753 1415 cuncta
774 1372 890 1434 vapore.
1015 1378 1056 1419 aaa

55 1461 110 1512 505
128 1463 197 1504 nam
219 1443 289 1504 licet
310 1443 381 1503 hinc
403 1443 506 1503 mundi
526 1443 704 1522 patefactum
727 1445 819 1504 totius
841 1461 932 1504 unum
1016 1465 1056 1506 sor

55 1541 113 1593 596
127 1532 294 1612 largifluum
316 1531 428 1592 fontem
451 1538 564 1592 scatere
585 1538 675 1610 atque
698 1549 855 1612 erumpere
877 1531 989 1613 lumen,

129 1639 166 1682 ex
188 1621 269 1680 omni
290 1619 399 1679 mundo
423 1622 492 1698 quia
514 1621 558 1680 sic
580 1619 725 1680 elementa
747 1622 863 1699 uaporis

128 1709 258 1788 undique
281 1710 459 1768 conveniunt
481 1715 512 1768 et
534 1709 578 1768 sic
591 1710 751 1768 coniectus
773 1726 877 1768 eorum
1016 1730 1056 1770 coo

129 1797 263 1878 confluit,
284 1812 322 1856 ex
344 1813 404 1856 uno
427 1797 522 1875 capite
544 1796 593 1856 hic
614 1804 648 1857 ut
669 1795 797 1875 profluat
818 1796 915 1858 ardor.

56 1905 111 1956 500
128 1904 226 1948 nonne
249 1884 331 1945 vides
353 1887 443 1945 etiam
464 1901 554 1963 quam
575 1883 632 1945 late
654 1902 762 1963 paruus
785 1886 871 1963 aquai

56 1984 111 2036 001
125 1983 209 2055 prata
230 1975 306 2052 riget
327 1972 394 2032 fons
416 1972 565 2033 interdum
588 1974 758 2051 campisque
780 1968 946 2033 redundet?

129 2071 175 2125 est
196 2064 285 2124 etiam
307 2078 425 2140 qnoque
447 2063 492 2121 uti
514 2076 574 2120 non
596 2077 701 2138 magno
725 2059 797 2120 solis
818 2060 855 2120 ab
877 2062 939 2140 igni

129 2157 198 2214 0000
219 2151 363 2230 percipiat
384 2148 487 2209 calidis
509 2147 674 2208 fervoribus
697 2148 796 2228 ardor,
1016 2169 1054 2210 005

129 2245 312 2321 opportunus
334 2239 404 2297 itast
426 2239 452 2297 si
474 2237 550 2296 forto
572 2242 603 2296 et
624 2235 750 2296 idoneus
772 2240 836 2316 aer,

58 2345 111 2396 505
130 2336 164 2391 ut
186 2333 274 2407 queat
296 2325 417 2386 accendi
438 2326 536 2404 parvis
559 2323 714 2384 ardoribus
737 2325 827 2404 ictus3

58 2423 116 2476 000
129 2416 208 2497 quod
229 2432 322 2494 genus
343 2413 494 2474 interdum
517 2418 631 2491 segetes
654 2411 850 2490 stipulamque
873 2411 1004 2472 videmus

130 2503 263 2567 accidere
286 2521 322 2564 ex
344 2520 403 2563 una
426 2500 551 2562 scintilla
572 2500 708 2561 incendia
730 2501 849 2580 passim.

130 2594 253 2654 forsitan
275 2597 306 2651 et
327 2608 413 2651 rosea
435 2589 479 2650 sol
501 2589 558 2650 alte
581 2588 714 2668 lampade
736 2588 839 2650 lucens
1017 2609 1057 2650 00

129 2680 279 2762 possideat
300 2678 425 2739 multum
448 2680 543 2740 caecis
564 2675 729 2738 fervoribus
752 2680 851 2756 ignem

58 2788 111 2837 000
130 2770 242 2830 circum
265 2785 310 2848 00,
332 2766 412 2827 nullo
436 2769 487 2846 qui
509 2769 549 2827 sit
570 2765 684 2844 fulgore
706 2772 838 2846 notatus,

58 2865 112 2918 011
129 2857 250 2919 aestifer
271 2863 305 2917 ut
326 2861 440 2915 tantum
462 2854 613 2915 radiorum
635 2861 777 2932 exaugeat
798 2855 898 2914 ictum.

173 2944 235 3005 Nee
257 2945 332 3004 ratio
356 2942 427 3004 solis
450 2942 574 3022 simplex
597 2949 628 3003 et
649 2949 730 3002 certa
751 2942 889 3021 patescit,

129 3052 187 3114 quo
209 3040 295 3113 pacto
317 3033 436 3092 aestivis
458 3049 475 3092 e
497 3030 630 3109 partibus
654 3030 835 3109 aegocerotis
1017 3047 1056 3088 crs

129 3121 271 3184 brumalis
293 3120 378 3181 adeat
400 3120 494 3179 flexus
517 3126 604 3198 atque
626 3117 696 3178 inde
719 3123 870 3178 revertens

58 3229 110 3280 000
128 3213 229 3272 cancri
251 3226 283 3270 se
306 3215 345 3270 ut
361 3214 455 3268 vertat
472 3214 566 3267 metas
589 3206 625 3267 ad
648 3204 824 3286 solstitialis,

57 3299 254 3378 0101000000
277 3296 429 3358 mensibus
451 3295 481 3356 id
504 3297 630 3374 spatium
652 3293 786 3354 videatur
808 3291 903 3371 obire,

128 3407 225 3450 annua
247 3385 292 3447 sol
314 3388 347 3446 in
369 3403 427 3465 quo
450 3385 597 3445 consumit
618 3388 751 3461 tempora
774 3397 871 3442 cursu.

127 3495 201 3558 non,
223 3479 356 3556 inquam,
379 3472 504 3552 simplex
525 3472 573 3531 his
595 3470 685 3531 rebus
708 3469 823 3531 reddita
845 3473 970 3529 causast.
1017 3487 1059 3526 mo

437 3557 534 3642 [500]
551 3588 593 3614 ==
607 3555 688 3626 500.

821 3656 881 3716 to*
