<?xml version="1.0" encoding="UTF-8"?>
<!DOCTYPE html PUBLIC "-//W3C//DTD XHTML 1.0 Transitional//EN"
    "http://www.w3.org/TR/xhtml1/DTD/xhtml1-transitional.dtd">
<html xmlns="http://www.w3.org/1999/xhtml" xml:lang="en" lang="en">
 <head>
  <title>
</title>
<meta http-equiv="Content-Type" content="text/html;charset=utf-8" />
  <meta name='ocr-system' content='tesseract 3.04.00' />
  <meta name='ocr-capabilities' content='ocr_page ocr_carea ocr_par ocr_line ocrx_word'/>
</head>
<body>
  <div class='ocr_page' id='page_1' title='image "./tlucreticarider01carugoog_0023.png"; bbox 0 0 2430 3878; ppageno 0'>
   <div class='ocr_carea' id='block_1_1' title="bbox 193 184 835 241">
    <p class='ocr_par' dir='ltr' id='par_1_1' title="bbox 193 184 835 241">
     <span class='ocr_line' id='line_1_1' title="bbox 193 184 835 241; baseline -0.002 0"><span class='ocrx_word' id='word_1_1' title='bbox 193 184 285 241; x_wconf 79' lang='lat' dir='ltr'>XVIII</span> <span class='ocrx_word' id='word_1_2' title='bbox 555 184 835 240; x_wconf 73' lang='lat' dir='ltr'><strong>Puonueomuue.</strong></span> 
     </span>
    </p>
   </div>
   <div class='ocr_carea' id='block_1_2' title="bbox 190 330 1202 3403">
    <p class='ocr_par' dir='ltr' id='par_1_2' title="bbox 193 330 1198 1821">
     <span class='ocr_line' id='line_1_2' title="bbox 194 330 1197 413; baseline 0.001 -21"><span class='ocrx_word' id='word_1_3' title='bbox 194 332 347 394; x_wconf 82' lang='lat' dir='ltr'><strong>offendunt</strong></span> <span class='ocrx_word' id='word_1_4' title='bbox 372 333 417 393; x_wconf 91' lang='lat' dir='ltr'><strong>eis</strong></span> <span class='ocrx_word' id='word_1_5' title='bbox 444 330 674 413; x_wconf 81' lang='lat' dir='ltr'>adnumeranda,</span> <span class='ocrx_word' id='word_1_6' title='bbox 701 332 810 412; x_wconf 91' lang='lat' dir='ltr'><strong>quibus</strong></span> <span class='ocrx_word' id='word_1_7' title='bbox 837 331 1002 393; x_wconf 77' lang='lat' dir='ltr'>declaratur</span> <span class='ocrx_word' id='word_1_8' title='bbox 1024 331 1197 393; x_wconf 81' lang='lat' dir='ltr'><strong>Lucretium</strong></span> 
     </span>
     <span class='ocr_line' id='line_1_3' title="bbox 195 420 1198 499; baseline -0.001 -18"><span class='ocrx_word' id='word_1_9' title='bbox 195 439 314 482; x_wconf 85' lang='lat' dir='ltr'><strong>carmen</strong></span> <span class='ocrx_word' id='word_1_10' title='bbox 341 420 378 480; x_wconf 94' lang='lat' dir='ltr'><strong>de</strong></span> <span class='ocrx_word' id='word_1_11' title='bbox 400 439 501 482; x_wconf 89' lang='lat' dir='ltr'><strong>rerum</strong></span> <span class='ocrx_word' id='word_1_12' title='bbox 527 427 631 481; x_wconf 81' lang='lat' dir='ltr'><strong>nature</strong></span> <span class='ocrx_word' id='word_1_13' title='bbox 657 438 718 482; x_wconf 91' lang='lat' dir='ltr'><strong>non</strong></span> <span class='ocrx_word' id='word_1_14' title='bbox 740 421 909 499; x_wconf 77' lang='lat' dir='ltr'><strong>perfecisse.</strong></span> <span class='ocrx_word' id='word_1_15' title='bbox 952 423 1095 480; x_wconf 86' lang='lat' dir='ltr'><strong>maiorem</strong></span> <span class='ocrx_word' id='word_1_16' title='bbox 1118 422 1198 482; x_wconf 89' lang='lat' dir='ltr'><strong>enim</strong></span> 
     </span>
     <span class='ocr_line' id='line_1_4' title="bbox 194 507 1197 590; baseline 0.001 -22"><span class='ocrx_word' id='word_1_17' title='bbox 194 507 312 570; x_wconf 89' lang='lat' dir='ltr'><strong>illarum</strong></span> <span class='ocrx_word' id='word_1_18' title='bbox 339 511 527 570; x_wconf 90' lang='lat' dir='ltr'><strong>iterationum</strong></span> <span class='ocrx_word' id='word_1_19' title='bbox 553 515 667 588; x_wconf 87' lang='lat' dir='ltr'><strong>partem</strong></span> <span class='ocrx_word' id='word_1_20' title='bbox 695 517 789 570; x_wconf 82' lang='lat' dir='ltr'><strong>ortam</strong></span> <span class='ocrx_word' id='word_1_21' title='bbox 812 527 895 590; x_wconf 87' lang='lat' dir='ltr'><strong>esse,</strong></span> <span class='ocrx_word' id='word_1_22' title='bbox 925 526 992 569; x_wconf 91' lang='lat' dir='ltr'><strong>cum</strong></span> <span class='ocrx_word' id='word_1_23' title='bbox 1014 515 1099 588; x_wconf 85' lang='lat' dir='ltr'><strong>poeta</strong></span> <span class='ocrx_word' id='word_1_24' title='bbox 1122 508 1197 570; x_wconf 91' lang='lat' dir='ltr'><strong>rele-</strong></span> 
     </span>
     <span class='ocr_line' id='line_1_5' title="bbox 193 595 1197 678; baseline 0 -21"><span class='ocrx_word' id='word_1_25' title='bbox 193 603 278 675; x_wconf 80' lang='lat' dir='ltr'><strong>geret</strong></span> <span class='ocrx_word' id='word_1_26' title='bbox 300 614 374 676; x_wconf 83' lang='lat' dir='ltr'><strong>quae</strong></span> <span class='ocrx_word' id='word_1_27' title='bbox 397 605 463 657; x_wconf 88' lang='lat' dir='ltr'><strong>ante</strong></span> <span class='ocrx_word' id='word_1_28' title='bbox 487 599 654 678; x_wconf 78' lang='lat' dir='ltr'><strong>scripserat,</strong></span> <span class='ocrx_word' id='word_1_29' title='bbox 677 599 739 659; x_wconf 85' lang='lat' dir='ltr'><strong>veri</strong></span> <span class='ocrx_word' id='word_1_30' title='bbox 761 604 808 658; x_wconf 89' lang='lat' dir='ltr'><strong>est</strong></span> <span class='ocrx_word' id='word_1_31' title='bbox 824 595 1015 658; x_wconf 91' lang='lat' dir='ltr'><strong>simillimum.</strong></span> <span class='ocrx_word' id='word_1_32' title='bbox 1051 599 1110 658; x_wconf 88' lang='lat' dir='ltr'><strong>iam</strong></span> <span class='ocrx_word' id='word_1_33' title='bbox 1127 615 1197 658; x_wconf 83' lang='lat' dir='ltr'><strong>vero</strong></span> 
     </span>
     <span class='ocr_line' id='line_1_6' title="bbox 193 684 1197 766; baseline 0 -21"><span class='ocrx_word' id='word_1_34' title='bbox 193 684 280 745; x_wconf 88' lang='lat' dir='ltr'><strong>iacile</strong></span> <span class='ocrx_word' id='word_1_35' title='bbox 302 685 435 745; x_wconf 88' lang='lat' dir='ltr'><strong>accidere</strong></span> <span class='ocrx_word' id='word_1_36' title='bbox 457 692 556 764; x_wconf 88' lang='lat' dir='ltr'><strong>potest</strong></span> <span class='ocrx_word' id='word_1_37' title='bbox 578 693 619 766; x_wconf 92' lang='lat' dir='ltr'><strong>ut,</strong></span> <span class='ocrx_word' id='word_1_38' title='bbox 644 687 670 745; x_wconf 87' lang='lat' dir='ltr'><strong>si</strong></span> <span class='ocrx_word' id='word_1_39' title='bbox 693 687 760 764; x_wconf 88' lang='lat' dir='ltr'><strong>quis</strong></span> <span class='ocrx_word' id='word_1_40' title='bbox 783 687 815 746; x_wconf 93' lang='lat' dir='ltr'><strong>in</strong></span> <span class='ocrx_word' id='word_1_41' title='bbox 835 687 947 745; x_wconf 89' lang='lat' dir='ltr'><strong>maiore</strong></span> <span class='ocrx_word' id='word_1_42' title='bbox 970 687 1100 747; x_wconf 83' lang='lat' dir='ltr'><strong>carmine</strong></span> <span class='ocrx_word' id='word_1_43' title='bbox 1124 688 1197 747; x_wconf 91' lang='lat' dir='ltr'><strong>scri·</strong></span> 
     </span>
     <span class='ocr_line' id='line_1_7' title="bbox 194 771 1197 854; baseline 0.001 -22"><span class='ocrx_word' id='word_1_44' title='bbox 194 771 290 833; x_wconf 87' lang='lat' dir='ltr'><strong>bondo</strong></span> <span class='ocrx_word' id='word_1_45' title='bbox 312 771 432 851; x_wconf 80' lang='lat' dir='ltr'><strong>longum</strong></span> <span class='ocrx_word' id='word_1_46' title='bbox 454 791 509 852; x_wconf 91' lang='lat' dir='ltr'><strong>per</strong></span> <span class='ocrx_word' id='word_1_47' title='bbox 529 780 646 852; x_wconf 91' lang='lat' dir='ltr'><strong>tempus</strong></span> <span class='ocrx_word' id='word_1_48' title='bbox 668 791 788 853; x_wconf 85' lang='lat' dir='ltr'><strong>operam</strong></span> <span class='ocrx_word' id='word_1_49' title='bbox 811 779 976 854; x_wconf 88' lang='lat' dir='ltr'><strong>consumat,</strong></span> <span class='ocrx_word' id='word_1_50' title='bbox 998 780 1112 853; x_wconf 89' lang='lat' dir='ltr'><strong>partem</strong></span> <span class='ocrx_word' id='word_1_51' title='bbox 1133 791 1197 833; x_wconf 92' lang='lat' dir='ltr'><strong>car-</strong></span> 
     </span>
     <span class='ocr_line' id='line_1_8' title="bbox 194 861 1198 943; baseline 0.001 -23"><span class='ocrx_word' id='word_1_52' title='bbox 194 863 284 921; x_wconf 91' lang='lat' dir='ltr'><strong>minis</strong></span> <span class='ocrx_word' id='word_1_53' title='bbox 307 861 441 939; x_wconf 85' lang='lat' dir='ltr'><strong>relegens</strong></span> <span class='ocrx_word' id='word_1_54' title='bbox 463 879 498 922; x_wconf 83' lang='lat' dir='ltr'><strong>eu</strong></span> <span class='ocrx_word' id='word_1_55' title='bbox 520 861 635 943; x_wconf 76' lang='lat' dir='ltr'><strong>adiciat,</strong></span> <span class='ocrx_word' id='word_1_56' title='bbox 661 878 735 939; x_wconf 89' lang='lat' dir='ltr'><strong>quae</strong></span> <span class='ocrx_word' id='word_1_57' title='bbox 756 867 791 922; x_wconf 93' lang='lat' dir='ltr'><strong>ut</strong></span> <span class='ocrx_word' id='word_1_58' title='bbox 812 878 917 940; x_wconf 83' lang='lat' dir='ltr'><strong>perum</strong></span> <span class='ocrx_word' id='word_1_59' title='bbox 939 867 1005 940; x_wconf 81' lang='lat' dir='ltr'><strong>apte</strong></span> <span class='ocrx_word' id='word_1_60' title='bbox 1028 861 1198 923; x_wconf 89' lang='lat' dir='ltr'><strong>sublaturus</strong></span> 
     </span>
     <span class='ocr_line' id='line_1_9' title="bbox 194 948 1196 1030; baseline 0 -21"><span class='ocrx_word' id='word_1_61' title='bbox 194 951 246 1030; x_wconf 91' lang='lat' dir='ltr'><strong>sit,</strong></span> <span class='ocrx_word' id='word_1_62' title='bbox 273 948 327 1009; x_wconf 93' lang='lat' dir='ltr'><strong>ubi</strong></span> <span class='ocrx_word' id='word_1_63' title='bbox 352 956 446 1010; x_wconf 91' lang='lat' dir='ltr'><strong>totum</strong></span> <span class='ocrx_word' id='word_1_64' title='bbox 472 949 628 1028; x_wconf 83' lang='lat' dir='ltr'><strong>perlegens</strong></span> <span class='ocrx_word' id='word_1_65' title='bbox 656 949 691 1009; x_wconf 93' lang='lat' dir='ltr'><strong>ad</strong></span> <span class='ocrx_word' id='word_1_66' title='bbox 720 967 788 1010; x_wconf 92' lang='lat' dir='ltr'><strong>eum</strong></span> <span class='ocrx_word' id='word_1_67' title='bbox 814 948 912 1010; x_wconf 89' lang='lat' dir='ltr'><strong>iocum</strong></span> <span class='ocrx_word' id='word_1_68' title='bbox 938 950 1068 1010; x_wconf 87' lang='lat' dir='ltr'><strong>redierit.</strong></span> <span class='ocrx_word' id='word_1_69' title='bbox 1118 949 1196 1028; x_wconf 89' lang='lat' dir='ltr'><strong>quod</strong></span> 
     </span>
     <span class='ocr_line' id='line_1_10' title="bbox 194 1036 1196 1116; baseline 0.002 -20"><span class='ocrx_word' id='word_1_70' title='bbox 194 1037 269 1097; x_wconf 86' lang='lat' dir='ltr'><strong>mihi</strong></span> <span class='ocrx_word' id='word_1_71' title='bbox 285 1039 344 1116; x_wconf 91' lang='lat' dir='ltr'><strong>ipsi</strong></span> <span class='ocrx_word' id='word_1_72' title='bbox 360 1038 394 1097; x_wconf 90' lang='lat' dir='ltr'><strong>in</strong></span> <span class='ocrx_word' id='word_1_73' title='bbox 412 1037 591 1098; x_wconf 87' lang='lat' dir='ltr'><strong>carminibus</strong></span> <span class='ocrx_word' id='word_1_74' title='bbox 610 1036 775 1098; x_wconf 83' lang='lat' dir='ltr'><strong>scribendis</strong></span> <span class='ocrx_word' id='word_1_75' title='bbox 794 1037 936 1097; x_wconf 90' lang='lat' dir='ltr'><strong>accidisse</strong></span> <span class='ocrx_word' id='word_1_76' title='bbox 954 1036 1082 1097; x_wconf 84' lang='lat' dir='ltr'><strong>libenter</strong></span> <span class='ocrx_word' id='word_1_77' title='bbox 1095 1037 1196 1098; x_wconf 81' lang='lat' dir='ltr'><strong>fateor.</strong></span> 
     </span>
     <span class='ocr_line' id='line_1_11' title="bbox 194 1125 1197 1206; baseline 0 -20"><span class='ocrx_word' id='word_1_78' title='bbox 194 1126 291 1204; x_wconf 90' lang='lat' dir='ltr'><strong>possis</strong></span> <span class='ocrx_word' id='word_1_79' title='bbox 310 1127 409 1206; x_wconf 82' lang='lat' dir='ltr'><strong>igitur,</strong></span> <span class='ocrx_word' id='word_1_80' title='bbox 428 1132 512 1186; x_wconf 86' lang='lat' dir='ltr'><strong>caute</strong></span> <span class='ocrx_word' id='word_1_81' title='bbox 531 1133 561 1186; x_wconf 91' lang='lat' dir='ltr'><strong>et</strong></span> <span class='ocrx_word' id='word_1_82' title='bbox 578 1126 792 1204; x_wconf 87' lang='lat' dir='ltr'><strong>circumspecte</strong></span> <span class='ocrx_word' id='word_1_83' title='bbox 806 1125 949 1205; x_wconf 87' lang='lat' dir='ltr'><strong>iudicans,</strong></span> <span class='ocrx_word' id='word_1_84' title='bbox 967 1125 1065 1186; x_wconf 89' lang='lat' dir='ltr'><strong>dicere</strong></span> <span class='ocrx_word' id='word_1_85' title='bbox 1079 1134 1197 1204; x_wconf 89' lang='lat' dir='ltr'><strong>poetam</strong></span> 
     </span>
     <span class='ocr_line' id='line_1_12' title="bbox 194 1212 1196 1292; baseline 0.003 -21"><span class='ocrx_word' id='word_1_86' title='bbox 194 1212 240 1273; x_wconf 86' lang='lat' dir='ltr'><strong>vel</strong></span> <span class='ocrx_word' id='word_1_87' title='bbox 262 1215 418 1272; x_wconf 91' lang='lat' dir='ltr'><strong>immatura</strong></span> <span class='ocrx_word' id='word_1_88' title='bbox 435 1220 529 1273; x_wconf 89' lang='lat' dir='ltr'><strong>morte</strong></span> <span class='ocrx_word' id='word_1_89' title='bbox 552 1212 599 1274; x_wconf 81' lang='lat' dir='ltr'><strong>rel</strong></span> <span class='ocrx_word' id='word_1_90' title='bbox 620 1213 723 1273; x_wconf 91' lang='lat' dir='ltr'><strong>morbo</strong></span> <span class='ocrx_word' id='word_1_91' title='bbox 746 1213 844 1291; x_wconf 87' lang='lat' dir='ltr'><strong>aliquo</strong></span> <span class='ocrx_word' id='word_1_92' title='bbox 863 1215 996 1292; x_wconf 80' lang='lat' dir='ltr'><strong>graviore</strong></span> <span class='ocrx_word' id='word_1_93' title='bbox 1015 1212 1196 1292; x_wconf 85' lang='lat' dir='ltr'><strong>prohibitum</strong></span> 
     </span>
     <span class='ocr_line' id='line_1_13' title="bbox 193 1301 1197 1382; baseline 0.002 -22"><span class='ocrx_word' id='word_1_94' title='bbox 193 1301 301 1382; x_wconf 85' lang='lat' dir='ltr'><strong>videri,</strong></span> <span class='ocrx_word' id='word_1_95' title='bbox 341 1303 498 1379; x_wconf 87' lang='lat' dir='ltr'><strong>quominus</strong></span> <span class='ocrx_word' id='word_1_96' title='bbox 533 1308 668 1380; x_wconf 86' lang='lat' dir='ltr'><strong>poemata</strong></span> <span class='ocrx_word' id='word_1_97' title='bbox 704 1319 757 1362; x_wconf 89' lang='lat' dir='ltr'><strong>sua</strong></span> <span class='ocrx_word' id='word_1_98' title='bbox 793 1301 928 1361; x_wconf 84' lang='lat' dir='ltr'><strong>ultimum</strong></span> <span class='ocrx_word' id='word_1_99' title='bbox 962 1307 1126 1362; x_wconf 83' lang='lat' dir='ltr'><strong>retrectans</strong></span> <span class='ocrx_word' id='word_1_100' title='bbox 1162 1320 1197 1362; x_wconf 90' lang='lat' dir='ltr'><strong>ea</strong></span> 
     </span>
     <span class='ocr_line' id='line_1_14' title="bbox 194 1387 1196 1469; baseline 0.002 -21"><span class='ocrx_word' id='word_1_101' title='bbox 194 1387 312 1449; x_wconf 88' lang='lat' dir='ltr'><strong>tolleret</strong></span> <span class='ocrx_word' id='word_1_102' title='bbox 337 1396 388 1449; x_wconf 93' lang='lat' dir='ltr'><strong>aut</strong></span> <span class='ocrx_word' id='word_1_103' title='bbox 417 1388 600 1469; x_wconf 82' lang='lat' dir='ltr'><strong>emendaret,</strong></span> <span class='ocrx_word' id='word_1_104' title='bbox 627 1407 701 1468; x_wconf 88' lang='lat' dir='ltr'><strong>quae</strong></span> <span class='ocrx_word' id='word_1_105' title='bbox 728 1396 839 1450; x_wconf 89' lang='lat' dir='ltr'><strong>temere</strong></span> <span class='ocrx_word' id='word_1_106' title='bbox 861 1388 908 1449; x_wconf 84' lang='lat' dir='ltr'><strong>vel</strong></span> <span class='ocrx_word' id='word_1_107' title='bbox 931 1395 1010 1449; x_wconf 89' lang='lat' dir='ltr'><strong>certe</strong></span> <span class='ocrx_word' id='word_1_108' title='bbox 1033 1406 1137 1468; x_wconf 90' lang='lat' dir='ltr'><strong>parum</strong></span> <span class='ocrx_word' id='word_1_109' title='bbox 1157 1389 1196 1450; x_wconf 88' lang='lat' dir='ltr'><strong>ad</strong></span> 
     </span>
     <span class='ocr_line' id='line_1_15' title="bbox 195 1476 1196 1555; baseline 0 -18"><span class='ocrx_word' id='word_1_110' title='bbox 195 1494 259 1537; x_wconf 90' lang='lat' dir='ltr'><strong>rem</strong></span> <span class='ocrx_word' id='word_1_111' title='bbox 280 1476 433 1536; x_wconf 88' lang='lat' dir='ltr'><strong>attendens</strong></span> <span class='ocrx_word' id='word_1_112' title='bbox 452 1476 616 1537; x_wconf 88' lang='lat' dir='ltr'><strong>adiecisset.</strong></span> <span class='ocrx_word' id='word_1_113' title='bbox 652 1494 721 1555; x_wconf 82' lang='lat' dir='ltr'><strong>ergo</strong></span> <span class='ocrx_word' id='word_1_114' title='bbox 744 1476 840 1538; x_wconf 80' lang='lat' dir='ltr'><strong>nullae</strong></span> <span class='ocrx_word' id='word_1_115' title='bbox 864 1494 1003 1537; x_wconf 85' lang='lat' dir='ltr'><strong>versuum</strong></span> <span class='ocrx_word' id='word_1_116' title='bbox 1024 1479 1196 1538; x_wconf 85' lang='lat' dir='ltr'><strong>iterationes</strong></span> 
     </span>
     <span class='ocr_line' id='line_1_16' title="bbox 195 1564 1197 1646; baseline 0.002 -22"><span class='ocrx_word' id='word_1_117' title='bbox 195 1564 340 1625; x_wconf 84' lang='lat' dir='ltr'><strong>tollendae</strong></span> <span class='ocrx_word' id='word_1_118' title='bbox 372 1571 454 1646; x_wconf 91' lang='lat' dir='ltr'><strong>sunt,</strong></span> <span class='ocrx_word' id='word_1_119' title='bbox 485 1567 544 1626; x_wconf 92' lang='lat' dir='ltr'><strong>nisi</strong></span> <span class='ocrx_word' id='word_1_120' title='bbox 575 1583 639 1645; x_wconf 91' lang='lat' dir='ltr'><strong>eae,</strong></span> <span class='ocrx_word' id='word_1_121' title='bbox 676 1583 750 1643; x_wconf 88' lang='lat' dir='ltr'><strong>quae</strong></span> <span class='ocrx_word' id='word_1_122' title='bbox 782 1564 817 1625; x_wconf 91' lang='lat' dir='ltr'><strong>ab</strong></span> <span class='ocrx_word' id='word_1_123' title='bbox 849 1567 914 1645; x_wconf 90' lang='lat' dir='ltr'><strong>ipso</strong></span> <span class='ocrx_word' id='word_1_124' title='bbox 946 1571 1033 1644; x_wconf 89' lang='lat' dir='ltr'><strong>poeta</strong></span> <span class='ocrx_word' id='word_1_125' title='bbox 1062 1583 1101 1626; x_wconf 90' lang='lat' dir='ltr'><strong>ne</strong></span> <span class='ocrx_word' id='word_1_126' title='bbox 1132 1572 1197 1626; x_wconf 89' lang='lat' dir='ltr'><strong>tum</strong></span> 
     </span>
     <span class='ocr_line' id='line_1_17' title="bbox 195 1652 1197 1734; baseline 0.001 -22"><span class='ocrx_word' id='word_1_127' title='bbox 195 1653 328 1734; x_wconf 88' lang='lat' dir='ltr'><strong>quidem,</strong></span> <span class='ocrx_word' id='word_1_128' title='bbox 363 1671 431 1713; x_wconf 90' lang='lat' dir='ltr'><strong>cum</strong></span> <span class='ocrx_word' id='word_1_129' title='bbox 465 1652 541 1713; x_wconf 87' lang='lat' dir='ltr'><strong>iorte</strong></span> <span class='ocrx_word' id='word_1_130' title='bbox 572 1670 678 1732; x_wconf 91' lang='lat' dir='ltr'><strong>parum</strong></span> <span class='ocrx_word' id='word_1_131' title='bbox 709 1652 904 1733; x_wconf 84' lang='lat' dir='ltr'><strong>attendebat,</strong></span> <span class='ocrx_word' id='word_1_132' title='bbox 924 1653 1079 1713; x_wconf 86' lang='lat' dir='ltr'><strong>rideantur</strong></span> <span class='ocrx_word' id='word_1_133' title='bbox 1107 1670 1197 1732; x_wconf 90' lang='lat' dir='ltr'><strong>posse</strong></span> 
     </span>
     <span class='ocr_line' id='line_1_18' title="bbox 194 1741 441 1821; baseline 0 -20"><span class='ocrx_word' id='word_1_134' title='bbox 194 1741 343 1821; x_wconf 85' lang='lat' dir='ltr'><strong>proiectae</strong></span> <span class='ocrx_word' id='word_1_135' title='bbox 365 1758 441 1802; x_wconf 90' lang='lat' dir='ltr'><strong>esse.</strong></span> 
     </span>
    </p>

    <p class='ocr_par' dir='ltr' id='par_1_3' title="bbox 195 1826 1197 2085">
     <span class='ocr_line' id='line_1_19' title="bbox 284 1826 1196 1908; baseline 0 -20"><span class='ocrx_word' id='word_1_136' title='bbox 284 1828 342 1890; x_wconf 93' lang='lat' dir='ltr'><strong>Sed</strong></span> <span class='ocrx_word' id='word_1_137' title='bbox 368 1831 427 1888; x_wconf 89' lang='lat' dir='ltr'><strong>iam</strong></span> <span class='ocrx_word' id='word_1_138' title='bbox 454 1828 608 1889; x_wconf 89' lang='lat' dir='ltr'><strong>redeamus</strong></span> <span class='ocrx_word' id='word_1_139' title='bbox 635 1828 671 1888; x_wconf 92' lang='lat' dir='ltr'><strong>ad</strong></span> <span class='ocrx_word' id='word_1_140' title='bbox 693 1826 924 1888; x_wconf 88' lang='lat' dir='ltr'><strong>Lachmannnm:</strong></span> <span class='ocrx_word' id='word_1_141' title='bbox 950 1828 999 1889; x_wconf 89' lang='lat' dir='ltr'><strong>hic</strong></span> <span class='ocrx_word' id='word_1_142' title='bbox 1023 1830 1102 1889; x_wconf 90' lang='lat' dir='ltr'><strong>eni-m</strong></span> <span class='ocrx_word' id='word_1_143' title='bbox 1125 1829 1196 1908; x_wconf 91' lang='lat' dir='ltr'><strong>quid</strong></span> 
     </span>
     <span class='ocr_line' id='line_1_20' title="bbox 195 1915 1197 1995; baseline -0.001 -17"><span class='ocrx_word' id='word_1_144' title='bbox 195 1919 227 1978; x_wconf 94' lang='lat' dir='ltr'><strong>in</strong></span> <span class='ocrx_word' id='word_1_145' title='bbox 254 1916 374 1977; x_wconf 80' lang='lat' dir='ltr'><strong>Lucreti</strong></span> <span class='ocrx_word' id='word_1_146' title='bbox 402 1918 533 1977; x_wconf 42' lang='lat' dir='ltr'><strong>*carmine</strong></span> <span class='ocrx_word' id='word_1_147' title='bbox 560 1915 742 1977; x_wconf 92' lang='lat' dir='ltr'><strong>emendando</strong></span> <span class='ocrx_word' id='word_1_148' title='bbox 769 1916 929 1977; x_wconf 89' lang='lat' dir='ltr'><strong>tenendum</strong></span> <span class='ocrx_word' id='word_1_149' title='bbox 956 1923 986 1976; x_wconf 92' lang='lat' dir='ltr'><strong>et</strong></span> <span class='ocrx_word' id='word_1_150' title='bbox 1012 1917 1197 1995; x_wconf 88' lang='lat' dir='ltr'><strong>sequendum</strong></span> 
     </span>
     <span class='ocr_line' id='line_1_21' title="bbox 196 2003 1151 2085; baseline -0.002 -19"><span class='ocrx_word' id='word_1_151' title='bbox 196 2007 358 2085; x_wconf 85' lang='lat' dir='ltr'><strong>censuerit,</strong></span> <span class='ocrx_word' id='word_1_152' title='bbox 380 2012 446 2064; x_wconf 87' lang='lat' dir='ltr'><strong>ante</strong></span> <span class='ocrx_word' id='word_1_153' title='bbox 470 2006 567 2064; x_wconf 91' lang='lat' dir='ltr'><strong>omnia</strong></span> <span class='ocrx_word' id='word_1_154' title='bbox 589 2004 748 2064; x_wconf 86' lang='lat' dir='ltr'><strong>videndum</strong></span> <span class='ocrx_word' id='word_1_155' title='bbox 769 2012 800 2064; x_wconf 90' lang='lat' dir='ltr'><strong>et</strong></span> <span class='ocrx_word' id='word_1_156' title='bbox 821 2003 1062 2083; x_wconf 85' lang='lat' dir='ltr'><strong>perpendendum</strong></span> <span class='ocrx_word' id='word_1_157' title='bbox 1084 2006 1151 2064; x_wconf 89' lang='lat' dir='ltr'><strong>erit.</strong></span> 
     </span>
    </p>

    <p class='ocr_par' dir='ltr' id='par_1_4' title="bbox 190 2091 1202 3403">
     <span class='ocr_line' id='line_1_22' title="bbox 283 2091 1197 2173; baseline 0 -20"><span class='ocrx_word' id='word_1_158' title='bbox 283 2092 414 2153; x_wconf 85' lang='lat' dir='ltr'><strong>Primum</strong></span> <span class='ocrx_word' id='word_1_159' title='bbox 441 2094 543 2173; x_wconf 76' lang='lat' dir='ltr'><strong>igitur,</strong></span> <span class='ocrx_word' id='word_1_160' title='bbox 569 2092 606 2152; x_wconf 90' lang='lat' dir='ltr'><strong>de</strong></span> <span class='ocrx_word' id='word_1_161' title='bbox 634 2098 696 2152; x_wconf 89' lang='lat' dir='ltr'><strong>arte</strong></span> <span class='ocrx_word' id='word_1_162' title='bbox 723 2093 858 2172; x_wconf 90' lang='lat' dir='ltr'><strong>metrica,</strong></span> <span class='ocrx_word' id='word_1_163' title='bbox 885 2098 965 2153; x_wconf 88' lang='lat' dir='ltr'><strong>recte</strong></span> <span class='ocrx_word' id='word_1_164' title='bbox 991 2091 1197 2153; x_wconf 86' lang='lat' dir='ltr'><strong>Lachmannus</strong></span> 
     </span>
     <span class='ocr_line' id='line_1_23' title="bbox 196 2179 1197 2258; baseline -0.002 -16"><span class='ocrx_word' id='word_1_165' title='bbox 196 2182 347 2242; x_wconf 81' lang='lat' dir='ltr'><strong>contendit</strong></span> <span class='ocrx_word' id='word_1_166' title='bbox 368 2180 538 2241; x_wconf 89' lang='lat' dir='ltr'><strong>Lucretium</strong></span> <span class='ocrx_word' id='word_1_167' title='bbox 564 2198 667 2240; x_wconf 87' lang='lat' dir='ltr'><strong>versus</strong></span> <span class='ocrx_word' id='word_1_168' title='bbox 690 2179 726 2240; x_wconf 93' lang='lat' dir='ltr'><strong>ad</strong></span> <span class='ocrx_word' id='word_1_169' title='bbox 748 2179 880 2258; x_wconf 77' lang='lat' dir='ltr'><strong>regulam</strong></span> <span class='ocrx_word' id='word_1_170' title='bbox 901 2187 932 2240; x_wconf 90' lang='lat' dir='ltr'><strong>et</strong></span> <span class='ocrx_word' id='word_1_171' title='bbox 951 2182 1094 2240; x_wconf 91' lang='lat' dir='ltr'><strong>amussim</strong></span> <span class='ocrx_word' id='word_1_172' title='bbox 1117 2198 1197 2240; x_wconf 65' lang='lat' dir='ltr'><strong>com»</strong></span> 
     </span>
     <span class='ocr_line' id='line_1_24' title="bbox 195 2264 1197 2350; baseline -0.002 -19"><span class='ocrx_word' id='word_1_173' title='bbox 195 2272 343 2350; x_wconf 87' lang='lat' dir='ltr'><strong>posuisse,</strong></span> <span class='ocrx_word' id='word_1_174' title='bbox 375 2270 411 2330; x_wconf 92' lang='lat' dir='ltr'><strong>ci.</strong></span> <span class='ocrx_word' id='word_1_175' title='bbox 439 2287 543 2329; x_wconf 91' lang='lat' dir='ltr'><strong>comm.</strong></span> <span class='ocrx_word' id='word_1_176' title='bbox 570 2286 598 2347; x_wconf 94' lang='lat' dir='ltr'><strong>p.</strong></span> <span class='ocrx_word' id='word_1_177' title='bbox 623 2264 678 2348; x_wconf 76' lang='lat'><strong>75,</strong></span> <span class='ocrx_word' id='word_1_178' title='bbox 706 2285 911 2346; x_wconf 89' lang='lat' dir='ltr'><strong>summumque</strong></span> <span class='ocrx_word' id='word_1_179' title='bbox 939 2267 1030 2328; x_wconf 87' lang='lat' dir='ltr'><strong>inisse</strong></span> <span class='ocrx_word' id='word_1_180' title='bbox 1057 2286 1197 2329; x_wconf 84' lang='lat' dir='ltr'><strong>versuum</strong></span> 
     </span>
     <span class='ocr_line' id='line_1_25' title="bbox 196 2354 1198 2438; baseline -0.002 -20"><span class='ocrx_word' id='word_1_181' title='bbox 196 2359 350 2438; x_wconf 85' lang='lat' dir='ltr'><strong>artificem,</strong></span> <span class='ocrx_word' id='word_1_182' title='bbox 373 2376 401 2436; x_wconf 94' lang='lat' dir='ltr'><strong>p.</strong></span> <span class='ocrx_word' id='word_1_183' title='bbox 425 2354 501 2417; x_wconf 83' lang='lat'><strong>323:</strong></span> <span class='ocrx_word' id='word_1_184' title='bbox 525 2355 577 2416; x_wconf 92' lang='lat' dir='ltr'><strong>sed</strong></span> <span class='ocrx_word' id='word_1_185' title='bbox 600 2356 691 2436; x_wconf 91' lang='lat' dir='ltr'><strong>idem,</strong></span> <span class='ocrx_word' id='word_1_186' title='bbox 714 2357 802 2417; x_wconf 93' lang='lat' dir='ltr'><strong>nimis</strong></span> <span class='ocrx_word' id='word_1_187' title='bbox 825 2358 919 2436; x_wconf 84' lang='lat' dir='ltr'><strong>regie,</strong></span> <span class='ocrx_word' id='word_1_188' title='bbox 942 2357 1055 2436; x_wconf 88' lang='lat' dir='ltr'><strong>opinor,</strong></span> <span class='ocrx_word' id='word_1_189' title='bbox 1076 2354 1198 2416; x_wconf 83' lang='lat' dir='ltr'><strong>Lucreti</strong></span> 
     </span>
     <span class='ocr_line' id='line_1_26' title="bbox 196 2442 1199 2522; baseline 0 -17"><span class='ocrx_word' id='word_1_190' title='bbox 196 2453 289 2505; x_wconf 88' lang='lat' dir='ltr'><strong>artem</strong></span> <span class='ocrx_word' id='word_1_191' title='bbox 316 2444 475 2505; x_wconf 87' lang='lat' dir='ltr'><strong>artioribus</strong></span> <span class='ocrx_word' id='word_1_192' title='bbox 502 2443 719 2504; x_wconf 86' lang='lat' dir='ltr'><strong>circumscribit</strong></span> <span class='ocrx_word' id='word_1_193' title='bbox 745 2442 866 2503; x_wconf 89' lang='lat' dir='ltr'><strong>finibus:</strong></span> <span class='ocrx_word' id='word_1_194' title='bbox 898 2461 956 2522; x_wconf 87' lang='lat' dir='ltr'><strong>qua</strong></span> <span class='ocrx_word' id='word_1_195' title='bbox 981 2445 1013 2503; x_wconf 93' lang='lat' dir='ltr'><strong>in</strong></span> <span class='ocrx_word' id='word_1_196' title='bbox 1035 2461 1068 2503; x_wconf 90' lang='lat' dir='ltr'><strong>re</strong></span> <span class='ocrx_word' id='word_1_197' title='bbox 1090 2462 1199 2505; x_wconf 78' lang='lat' dir='ltr'><strong>vereor</strong></span> 
     </span>
     <span class='ocr_line' id='line_1_27' title="bbox 195 2531 1198 2610; baseline -0.001 -17"><span class='ocrx_word' id='word_1_198' title='bbox 195 2539 229 2593; x_wconf 91' lang='lat' dir='ltr'><strong>ut</strong></span> <span class='ocrx_word' id='word_1_199' title='bbox 255 2534 326 2593; x_wconf 83' lang='lat' dir='ltr'><strong>setis</strong></span> <span class='ocrx_word' id='word_1_200' title='bbox 350 2531 408 2592; x_wconf 90' lang='lat' dir='ltr'><strong>sibi</strong></span> <span class='ocrx_word' id='word_1_201' title='bbox 431 2538 556 2592; x_wconf 85' lang='lat' dir='ltr'><strong>constet:</strong></span> <span class='ocrx_word' id='word_1_202' title='bbox 583 2549 674 2591; x_wconf 88' lang='lat' dir='ltr'><strong>unum</strong></span> <span class='ocrx_word' id='word_1_203' title='bbox 696 2533 776 2591; x_wconf 91' lang='lat' dir='ltr'><strong>enim</strong></span> <span class='ocrx_word' id='word_1_204' title='bbox 797 2549 916 2591; x_wconf 79' lang='lat' dir='ltr'><strong>uersum</strong></span> <span class='ocrx_word' id='word_1_205' title='bbox 937 2531 1157 2610; x_wconf 78' lang='lat' dir='ltr'><strong>hypermetrum</strong></span> <span class='ocrx_word' id='word_1_206' title='bbox 1180 2551 1198 2592; x_wconf 90' lang='lat' dir='ltr'><strong>a</strong></span> 
     </span>
     <span class='ocr_line' id='line_1_28' title="bbox 194 2620 1199 2698; baseline -0.001 -17"><span class='ocrx_word' id='word_1_207' title='bbox 194 2620 331 2681; x_wconf 90' lang='lat' dir='ltr'><strong>Lucretio</strong></span> <span class='ocrx_word' id='word_1_208' title='bbox 359 2621 501 2697; x_wconf 89' lang='lat' dir='ltr'><strong>scriptum</strong></span> <span class='ocrx_word' id='word_1_209' title='bbox 527 2636 586 2678; x_wconf 94' lang='lat' dir='ltr'><strong>non</strong></span> <span class='ocrx_word' id='word_1_210' title='bbox 612 2626 712 2697; x_wconf 82' lang='lat' dir='ltr'><strong>negat,</strong></span> <span class='ocrx_word' id='word_1_211' title='bbox 739 2636 830 2678; x_wconf 92' lang='lat' dir='ltr'><strong>unu-m</strong></span> <span class='ocrx_word' id='word_1_212' title='bbox 857 2636 975 2679; x_wconf 83' lang='lat' dir='ltr'><strong>versum</strong></span> <span class='ocrx_word' id='word_1_213' title='bbox 1001 2621 1033 2679; x_wconf 94' lang='lat' dir='ltr'><strong>in</strong></span> <span class='ocrx_word' id='word_1_214' title='bbox 1058 2627 1199 2698; x_wconf 87' lang='lat' dir='ltr'><strong>quattuor</strong></span> 
     </span>
     <span class='ocr_line' id='line_1_29' title="bbox 195 2704 1199 2787; baseline 0 -18"><span class='ocrx_word' id='word_1_215' title='bbox 195 2709 341 2787; x_wconf 92' lang='lat' dir='ltr'><strong>spondeos</strong></span> <span class='ocrx_word' id='word_1_216' title='bbox 373 2713 529 2767; x_wconf 81' lang='lat' dir='ltr'><strong>exeuntem</strong></span> <span class='ocrx_word' id='word_1_217' title='bbox 560 2713 659 2784; x_wconf 83' lang='lat' dir='ltr'><strong>negat:</strong></span> <span class='ocrx_word' id='word_1_218' title='bbox 692 2707 791 2784; x_wconf 84' lang='lat' dir='ltr'><strong>itaque</strong></span> <span class='ocrx_word' id='word_1_219' title='bbox 823 2707 858 2766; x_wconf 88' lang='lat' dir='ltr'><strong>ad</strong></span> <span class='ocrx_word' id='word_1_220' title='bbox 886 2706 903 2767; x_wconf 93' lang='lat' dir='ltr'><strong>l.</strong></span> <span class='ocrx_word' id='word_1_221' title='bbox 928 2706 970 2767; x_wconf 84' lang='lat' dir='ltr'><strong>ili</strong></span> <span class='ocrx_word' id='word_1_222' title='bbox 1000 2725 1102 2768; x_wconf 84' lang='lat' dir='ltr'><strong>versus</strong></span> <span class='ocrx_word' id='word_1_223' title='bbox 1132 2704 1199 2770; x_wconf 82' lang='grc'><strong>198</strong></span> 
     </span>
     <span class='ocr_line' id='line_1_30' title="bbox 195 2792 1199 2876; baseline -0.003 -19"><span class='ocrx_word' id='word_1_224' title='bbox 195 2796 315 2858; x_wconf 88' lang='lat' dir='ltr'><strong>alteram</strong></span> <span class='ocrx_word' id='word_1_225' title='bbox 347 2801 459 2874; x_wconf 88' lang='lat' dir='ltr'><strong>partem</strong></span> <span class='ocrx_word' id='word_1_226' title='bbox 490 2792 734 2873; x_wconf 89' lang='lat' dir='ltr'><strong>corrumpendam</strong></span> <span class='ocrx_word' id='word_1_227' title='bbox 767 2796 883 2872; x_wconf 84' lang='lat' dir='ltr'><strong>signum</strong></span> <span class='ocrx_word' id='word_1_228' title='bbox 915 2795 1008 2876; x_wconf 87' lang='lat' dir='ltr'><strong>dedit,</strong></span> <span class='ocrx_word' id='word_1_229' title='bbox 1038 2813 1134 2873; x_wconf 91' lang='lat' dir='ltr'><strong>neque</strong></span> <span class='ocrx_word' id='word_1_230' title='bbox 1162 2813 1199 2854; x_wconf 93' lang='lat' dir='ltr'><strong>re</strong></span> 
     </span>
     <span class='ocr_line' id='line_1_31' title="bbox 193 2880 1198 2964; baseline -0.001 -20"><span class='ocrx_word' id='word_1_231' title='bbox 193 2891 357 2964; x_wconf 88' lang='lat' dir='ltr'><strong>perspecta,</strong></span> <span class='ocrx_word' id='word_1_232' title='bbox 380 2901 448 2945; x_wconf 90' lang='lat' dir='ltr'><strong>nam</strong></span> <span class='ocrx_word' id='word_1_233' title='bbox 469 2880 633 2963; x_wconf 72' lang='lat' dir='ltr'><strong>spicarum,</strong></span> <span class='ocrx_word' id='word_1_234' title='bbox 657 2884 765 2962; x_wconf 90' lang='lat' dir='ltr'><strong>quippe</strong></span> <span class='ocrx_word' id='word_1_235' title='bbox 789 2901 862 2962; x_wconf 88' lang='lat' dir='ltr'><strong>quae</strong></span> <span class='ocrx_word' id='word_1_236' title='bbox 884 2901 1004 2961; x_wconf 87' lang='lat' dir='ltr'><strong>asperae</strong></span> <span class='ocrx_word' id='word_1_237' title='bbox 1024 2885 1091 2963; x_wconf 90' lang='lat' dir='ltr'><strong>sint,</strong></span> <span class='ocrx_word' id='word_1_238' title='bbox 1113 2901 1198 2943; x_wconf 89' lang='lat' dir='ltr'><strong>men-</strong></span> 
     </span>
     <span class='ocr_line' id='line_1_32' title="bbox 190 2969 1200 3052; baseline -0.003 -19"><span class='ocrx_word' id='word_1_239' title='bbox 190 2975 275 3033; x_wconf 94' lang='lat' dir='ltr'><strong>tione</strong></span> <span class='ocrx_word' id='word_1_240' title='bbox 302 2990 402 3033; x_wconf 85' lang='lat' dir='ltr'><strong>corere</strong></span> <span class='ocrx_word' id='word_1_241' title='bbox 430 2989 489 3031; x_wconf 93' lang='lat' dir='ltr'><strong>non</strong></span> <span class='ocrx_word' id='word_1_242' title='bbox 515 2988 685 3052; x_wconf 91' lang='lat' dir='ltr'><strong>possumus,</strong></span> <span class='ocrx_word' id='word_1_243' title='bbox 717 2989 812 3050; x_wconf 88' lang='lat' dir='ltr'><strong>neque</strong></span> <span class='ocrx_word' id='word_1_244' title='bbox 840 2969 959 3031; x_wconf 88' lang='lat' dir='ltr'><strong>Lucreti</strong></span> <span class='ocrx_word' id='word_1_245' title='bbox 985 2988 1033 3031; x_wconf 93' lang='lat' dir='ltr'><strong>res</strong></span> <span class='ocrx_word' id='word_1_246' title='bbox 1060 2971 1200 3050; x_wconf 81' lang='lat' dir='ltr'><strong>rhythmo</strong></span> 
     </span>
     <span class='ocr_line' id='line_1_33' title="bbox 195 3057 1200 3140; baseline -0.002 -19"><span class='ocrx_word' id='word_1_247' title='bbox 195 3058 373 3140; x_wconf 83' lang='lat' dir='ltr'><strong>depingendi</strong></span> <span class='ocrx_word' id='word_1_248' title='bbox 388 3061 463 3120; x_wconf 88' lang='lat' dir='ltr'><strong>artis</strong></span> <span class='ocrx_word' id='word_1_249' title='bbox 480 3077 602 3140; x_wconf 89' lang='lat' dir='ltr'><strong>memor,</strong></span> <span class='ocrx_word' id='word_1_250' title='bbox 620 3062 705 3120; x_wconf 88' lang='lat' dir='ltr'><strong>cuius</strong></span> <span class='ocrx_word' id='word_1_251' title='bbox 723 3058 955 3120; x_wconf 88' lang='lat' dir='ltr'><strong>luculentissima</strong></span> <span class='ocrx_word' id='word_1_252' title='bbox 973 3057 1105 3138; x_wconf 86' lang='lat' dir='ltr'><strong>exempla</strong></span> <span class='ocrx_word' id='word_1_253' title='bbox 1118 3059 1200 3119; x_wconf 86' lang='lat' dir='ltr'><strong>bunc</strong></span> 
     </span>
     <span class='ocr_line' id='line_1_34' title="bbox 194 3142 1201 3229; baseline -0.002 -20"><span class='ocrx_word' id='word_1_254' title='bbox 194 3151 292 3229; x_wconf 89' lang='lat' dir='ltr'><strong>ipsum</strong></span> <span class='ocrx_word' id='word_1_255' title='bbox 327 3166 446 3208; x_wconf 78' lang='lat' dir='ltr'><strong>versum</strong></span> <span class='ocrx_word' id='word_1_256' title='bbox 481 3147 670 3228; x_wconf 88' lang='lat' dir='ltr'><strong>antecedunt,</strong></span> <span class='ocrx_word' id='word_1_257' title='bbox 706 3147 741 3208; x_wconf 86' lang='lat' dir='ltr'><strong>ci.</strong></span> <span class='ocrx_word' id='word_1_258' title='bbox 776 3146 875 3226; x_wconf 91' lang='lat' dir='ltr'><strong>philol.</strong></span> <span class='ocrx_word' id='word_1_259' title='bbox 907 3145 1001 3210; x_wconf 77' lang='lat' dir='ltr'><strong>xxllt</strong></span> <span class='ocrx_word' id='word_1_260' title='bbox 1029 3142 1109 3226; x_wconf 76' lang='lat'><strong>567,</strong></span> <span class='ocrx_word' id='word_1_261' title='bbox 1143 3145 1201 3208; x_wconf 89' lang='lat' dir='ltr'><strong>ubi</strong></span> 
     </span>
     <span class='ocr_line' id='line_1_35' title="bbox 193 3229 1202 3316; baseline -0.002 -18"><span class='ocrx_word' id='word_1_262' title='bbox 193 3244 292 3298; x_wconf 87' lang='lat' dir='ltr'><strong>tomen</strong></span> <span class='ocrx_word' id='word_1_263' title='bbox 316 3234 420 3315; x_wconf 73' lang='lat' dir='ltr'><strong>opicus</strong></span> <span class='ocrx_word' id='word_1_264' title='bbox 446 3235 517 3295; x_wconf 79' lang='lat' dir='ltr'><strong>saiso</strong></span> <span class='ocrx_word' id='word_1_265' title='bbox 545 3237 755 3315; x_wconf 87' lang='lat' dir='ltr'><strong>interpretatus</strong></span> <span class='ocrx_word' id='word_1_266' title='bbox 783 3253 861 3316; x_wconf 89' lang='lat' dir='ltr'><strong>sum,</strong></span> <span class='ocrx_word' id='word_1_267' title='bbox 891 3229 991 3314; x_wconf 89' lang='lat' dir='ltr'><strong>philol.</strong></span> <span class='ocrx_word' id='word_1_268' title='bbox 1018 3233 1120 3294; x_wconf 84' lang='lat' dir='ltr'>XXVII</span> <span class='ocrx_word' id='word_1_269' title='bbox 1145 3231 1202 3316; x_wconf 84' lang='lat'><strong>33,</strong></span> 
     </span>
     <span class='ocr_line' id='line_1_36' title="bbox 194 3320 1201 3403; baseline -0.004 -17"><span class='ocrx_word' id='word_1_270' title='bbox 194 3343 260 3386; x_wconf 85' lang='lat' dir='ltr'><strong>ann</strong></span> <span class='ocrx_word' id='word_1_271' title='bbox 282 3324 398 3386; x_wconf 87' lang='lat' dir='ltr'><strong>Lucret.</strong></span> <span class='ocrx_word' id='word_1_272' title='bbox 424 3321 508 3387; x_wconf 82' lang='lat'><strong>1873</strong></span> <span class='ocrx_word' id='word_1_273' title='bbox 531 3343 559 3402; x_wconf 96' lang='lat' dir='ltr'><strong>p.</strong></span> <span class='ocrx_word' id='word_1_274' title='bbox 584 3320 677 3384; x_wconf 82' lang='lat'><strong>1119.</strong></span> <span class='ocrx_word' id='word_1_275' title='bbox 720 3340 781 3383; x_wconf 93' lang='lat' dir='ltr'><strong>non</strong></span> <span class='ocrx_word' id='word_1_276' title='bbox 808 3325 932 3403; x_wconf 90' lang='lat' dir='ltr'><strong>rectius,</strong></span> <span class='ocrx_word' id='word_1_277' title='bbox 960 3324 1077 3403; x_wconf 91' lang='lat' dir='ltr'><strong>opinor,</strong></span> <span class='ocrx_word' id='word_1_278' title='bbox 1105 3321 1201 3383; x_wconf 87' lang='lat' dir='ltr'><strong>Lach-</strong></span> 
     </span>
    </p>
   </div>
   <div class='ocr_carea' id='block_1_3' title="bbox 181 3399 1202 3582">
    <p class='ocr_par' dir='ltr' id='par_1_5' title="bbox 181 3399 1202 3582">
     <span class='ocr_line' id='line_1_37' title="bbox 193 3399 1201 3493; baseline -0.004 -18"><span class='ocrx_word' id='word_1_279' title='bbox 193 3399 350 3475; x_wconf 45' lang='lat' dir='ltr'><strong>mannus&#39;l.</strong></span> <span class='ocrx_word' id='word_1_280' title='bbox 364 3412 401 3473; x_wconf 90' lang='lat' dir='ltr'><strong>IV</strong></span> <span class='ocrx_word' id='word_1_281' title='bbox 416 3430 532 3472; x_wconf 89' lang='lat' dir='ltr'><strong>versum</strong></span> <span class='ocrx_word' id='word_1_282' title='bbox 547 3407 609 3474; x_wconf 78' lang='lat'><strong>741</strong></span> <span class='ocrx_word' id='word_1_283' title='bbox 625 3417 727 3493; x_wconf 84' lang='lat' dir='ltr'><strong>muta-t,</strong></span> <span class='ocrx_word' id='word_1_284' title='bbox 743 3429 782 3472; x_wconf 89' lang='lat' dir='ltr'><strong>ne</strong></span> <span class='ocrx_word' id='word_1_285' title='bbox 796 3410 951 3472; x_wconf 90' lang='lat' dir='ltr'><strong>Lucretius</strong></span> <span class='ocrx_word' id='word_1_286' title='bbox 970 3409 1061 3471; x_wconf 88' lang='lat' dir='ltr'><strong>semel</strong></span> <span class='ocrx_word' id='word_1_287' title='bbox 1074 3410 1201 3471; x_wconf 80' lang='lat' dir='ltr'><strong>verbum</strong></span> 
     </span>
     <span class='ocr_line' id='line_1_38' title="bbox 181 3497 1202 3582; baseline 0.001 -24"><span class='ocrx_word' id='word_1_288' title='bbox 181 3501 347 3562; x_wconf 80' lang='lat' dir='ltr'><strong>iambicum</strong></span> <span class='ocrx_word' id='word_1_289' title='bbox 371 3499 493 3562; x_wconf 80' lang='lat' dir='ltr'><strong>eliserit.</strong></span> <span class='ocrx_word' id='word_1_290' title='bbox 536 3500 606 3582; x_wconf 79' lang='lat' dir='ltr'><strong>quid</strong></span> <span class='ocrx_word' id='word_1_291' title='bbox 628 3517 707 3582; x_wconf 77' lang='lat' dir='ltr'><strong>vero,</strong></span> <span class='ocrx_word' id='word_1_292' title='bbox 730 3499 808 3579; x_wconf 83' lang='lat' dir='ltr'><strong>quod</strong></span> <span class='ocrx_word' id='word_1_293' title='bbox 831 3499 910 3560; x_wconf 87' lang='lat' dir='ltr'><strong>idem</strong></span> <span class='ocrx_word' id='word_1_294' title='bbox 933 3499 1009 3578; x_wconf 80' lang='lat' dir='ltr'><strong>apud</strong></span> <span class='ocrx_word' id='word_1_295' title='bbox 1027 3497 1202 3560; x_wconf 88' lang='lat' dir='ltr'><strong>Lucretium</strong></span> 
     </span>
    </p>
   </div>
   <div class='ocr_carea' id='block_1_4' title="bbox 0 0 1222 3878">
    <p class='ocr_par' dir='ltr' id='par_1_6' title="bbox 0 0 1222 3878">
     <span class='ocr_line' id='line_1_39' title="bbox 0 0 1222 3878; baseline 0 0"><span class='ocrx_word' id='word_1_296' title='bbox 0 0 1222 3878; x_wconf 95' lang='lat' dir='ltr'><strong> </strong></span> 
     </span>
    </p>
   </div>
  </div>
 </body>
</html>
