<?xml version="1.0" encoding="UTF-8"?>
<!DOCTYPE html PUBLIC "-//W3C//DTD XHTML 1.0 Transitional//EN"
    "http://www.w3.org/TR/xhtml1/DTD/xhtml1-transitional.dtd">
<html xmlns="http://www.w3.org/1999/xhtml" xml:lang="en" lang="en">
 <head>
  <title>
</title>
<meta http-equiv="Content-Type" content="text/html;charset=utf-8" />
  <meta name='ocr-system' content='tesseract 3.04.00' />
  <meta name='ocr-capabilities' content='ocr_page ocr_carea ocr_par ocr_line ocrx_word'/>
</head>
<body>
  <div class='ocr_page' id='page_1' title='image "./tlucreticarider01carugoog_0188.png"; bbox 0 0 2430 3878; ppageno 0'>
   <div class='ocr_carea' id='block_1_1' title="bbox 58 173 1081 3652">
    <p class='ocr_par' dir='ltr' id='par_1_1' title="bbox 545 173 1067 240">
     <span class='ocr_line' id='line_1_1' title="bbox 545 173 1067 240; baseline -0.002 1"><span class='ocrx_word' id='word_1_1' title='bbox 545 173 586 230; x_wconf 85' lang='lat' dir='ltr'><strong>IV</strong></span> <span class='ocrx_word' id='word_1_2' title='bbox 1026 176 1067 240; x_wconf 83' lang='lat'><strong>99</strong></span> 
     </span>
    </p>

    <p class='ocr_par' dir='ltr' id='par_1_2' title="bbox 81 322 1067 401">
     <span class='ocr_line' id='line_1_2' title="bbox 81 322 1067 401; baseline 0.006 -21"><span class='ocrx_word' id='word_1_3' title='bbox 81 322 163 388; x_wconf 87' lang='lat' dir='ltr'><strong>95in</strong></span> <span class='ocrx_word' id='word_1_4' title='bbox 184 328 325 400; x_wconf 92' lang='lat' dir='ltr'><strong>promptu</strong></span> <span class='ocrx_word' id='word_1_5' title='bbox 348 323 516 400; x_wconf 77' lang='lat' dir='ltr'><strong>quoniamst</strong></span> <span class='ocrx_word' id='word_1_6' title='bbox 538 324 569 382; x_wconf 93' lang='lat' dir='ltr'><strong>in</strong></span> <span class='ocrx_word' id='word_1_7' title='bbox 592 324 687 401; x_wconf 93' lang='lat' dir='ltr'><strong>prima</strong></span> <span class='ocrx_word' id='word_1_8' title='bbox 710 323 806 385; x_wconf 85' lang='lat' dir='ltr'><strong>fronte</strong></span> <span class='ocrx_word' id='word_1_9' title='bbox 829 324 929 386; x_wconf 87' lang='lat' dir='ltr'><strong>locata.</strong></span> <span class='ocrx_word' id='word_1_10' title='bbox 1041 353 1067 394; x_wconf 71' lang='grc'><strong>01</strong></span> 
     </span>
    </p>

    <p class='ocr_par' dir='ltr' id='par_1_3' title="bbox 58 410 1069 580">
     <span class='ocr_line' id='line_1_3' title="bbox 58 410 1069 490; baseline -0.004 -12"><span class='ocrx_word' id='word_1_11' title='bbox 58 415 284 488; x_wconf 78' lang='lat' dir='ltr'><strong>aaapraeterea</strong></span> <span class='ocrx_word' id='word_1_12' title='bbox 307 413 446 488; x_wconf 87' lang='lat' dir='ltr'><strong>quoniam</strong></span> <span class='ocrx_word' id='word_1_13' title='bbox 470 410 606 471; x_wconf 89' lang='lat' dir='ltr'><strong>manibus</strong></span> <span class='ocrx_word' id='word_1_14' title='bbox 628 418 751 472; x_wconf 90' lang='lat' dir='ltr'><strong>tractata</strong></span> <span class='ocrx_word' id='word_1_15' title='bbox 774 413 867 490; x_wconf 85' lang='lat' dir='ltr'><strong>ligura</strong></span> <span class='ocrx_word' id='word_1_16' title='bbox 1030 435 1069 474; x_wconf 78' lang='lat' dir='ltr'><strong>sao</strong></span> 
     </span>
     <span class='ocr_line' id='line_1_4' title="bbox 132 497 1007 580; baseline 0.008 -24"><span class='ocrx_word' id='word_1_17' title='bbox 132 499 164 557; x_wconf 92' lang='lat' dir='ltr'><strong>in</strong></span> <span class='ocrx_word' id='word_1_18' title='bbox 187 497 318 558; x_wconf 91' lang='lat' dir='ltr'><strong>tenebris</strong></span> <span class='ocrx_word' id='word_1_19' title='bbox 341 498 484 576; x_wconf 81' lang='lat' dir='ltr'><strong>quaedam</strong></span> <span class='ocrx_word' id='word_1_20' title='bbox 508 501 696 576; x_wconf 84' lang='lat' dir='ltr'><strong>cognoscitur</strong></span> <span class='ocrx_word' id='word_1_21' title='bbox 719 518 783 561; x_wconf 90' lang='lat' dir='ltr'><strong>esse</strong></span> <span class='ocrx_word' id='word_1_22' title='bbox 808 500 909 561; x_wconf 92' lang='lat' dir='ltr'><strong>eadem</strong></span> <span class='ocrx_word' id='word_1_23' title='bbox 933 520 1007 580; x_wconf 91' lang='lat' dir='ltr'><strong>quae</strong></span> 
     </span>
    </p>

    <p class='ocr_par' dir='ltr' id='par_1_4' title="bbox 61 585 900 668">
     <span class='ocr_line' id='line_1_5' title="bbox 61 585 900 668; baseline -0.004 -16"><span class='ocrx_word' id='word_1_24' title='bbox 61 602 115 652; x_wconf 95' lang='grc'><strong>100</strong></span> <span class='ocrx_word' id='word_1_25' title='bbox 133 588 266 646; x_wconf 91' lang='lat' dir='ltr'><strong>cernitur</strong></span> <span class='ocrx_word' id='word_1_26' title='bbox 287 589 319 646; x_wconf 91' lang='lat' dir='ltr'><strong>iu</strong></span> <span class='ocrx_word' id='word_1_27' title='bbox 342 585 407 647; x_wconf 91' lang='lat' dir='ltr'><strong>luce</strong></span> <span class='ocrx_word' id='word_1_28' title='bbox 431 594 461 647; x_wconf 90' lang='lat' dir='ltr'><strong>et</strong></span> <span class='ocrx_word' id='word_1_29' title='bbox 483 587 562 647; x_wconf 91' lang='lat' dir='ltr'><strong>claro</strong></span> <span class='ocrx_word' id='word_1_30' title='bbox 585 588 725 668; x_wconf 81' lang='lat' dir='ltr'><strong>candore,</strong></span> <span class='ocrx_word' id='word_1_31' title='bbox 747 597 900 649; x_wconf 82' lang='lat' dir='ltr'><strong>necessest</strong></span> 
     </span>
    </p>

    <p class='ocr_par' dir='ltr' id='par_1_5' title="bbox 58 673 1070 1021">
     <span class='ocr_line' id='line_1_6' title="bbox 58 673 843 755; baseline 0.004 -21"><span class='ocrx_word' id='word_1_32' title='bbox 58 691 118 741; x_wconf 80' lang='lat'><strong>231</strong></span> <span class='ocrx_word' id='word_1_33' title='bbox 133 673 280 734; x_wconf 86' lang='lat' dir='ltr'><strong>consimili</strong></span> <span class='ocrx_word' id='word_1_34' title='bbox 303 693 391 735; x_wconf 89' lang='lat' dir='ltr'><strong>causa</strong></span> <span class='ocrx_word' id='word_1_35' title='bbox 414 682 524 736; x_wconf 90' lang='lat' dir='ltr'><strong>tactum</strong></span> <span class='ocrx_word' id='word_1_36' title='bbox 546 677 700 755; x_wconf 89' lang='lat' dir='ltr'><strong>visumque</strong></span> <span class='ocrx_word' id='word_1_37' title='bbox 724 680 843 737; x_wconf 91' lang='lat' dir='ltr'><strong>moveri.</strong></span> 
     </span>
     <span class='ocr_line' id='line_1_7' title="bbox 133 764 952 843; baseline 0.002 -20"><span class='ocrx_word' id='word_1_38' title='bbox 133 781 211 823; x_wconf 92' lang='lat' dir='ltr'><strong>nunc</strong></span> <span class='ocrx_word' id='word_1_39' title='bbox 233 764 325 840; x_wconf 85' lang='lat' dir='ltr'><strong>igitur</strong></span> <span class='ocrx_word' id='word_1_40' title='bbox 348 765 374 823; x_wconf 95' lang='lat' dir='ltr'><strong>si</strong></span> <span class='ocrx_word' id='word_1_41' title='bbox 397 764 571 842; x_wconf 91' lang='lat' dir='ltr'><strong>quadratum</strong></span> <span class='ocrx_word' id='word_1_42' title='bbox 594 772 770 843; x_wconf 85' lang='lat' dir='ltr'><strong>temptamus</strong></span> <span class='ocrx_word' id='word_1_43' title='bbox 794 773 824 825; x_wconf 96' lang='lat' dir='ltr'><strong>et</strong></span> <span class='ocrx_word' id='word_1_44' title='bbox 845 765 876 825; x_wconf 92' lang='lat' dir='ltr'><strong>id</strong></span> <span class='ocrx_word' id='word_1_45' title='bbox 899 784 952 825; x_wconf 91' lang='lat' dir='ltr'><strong>nos</strong></span> 
     </span>
     <span class='ocr_line' id='line_1_8' title="bbox 133 852 1070 933; baseline 0.005 -21"><span class='ocrx_word' id='word_1_46' title='bbox 133 858 297 912; x_wconf 91' lang='lat' dir='ltr'><strong>commovet</strong></span> <span class='ocrx_word' id='word_1_47' title='bbox 319 854 350 911; x_wconf 92' lang='lat' dir='ltr'><strong>iu</strong></span> <span class='ocrx_word' id='word_1_48' title='bbox 372 852 519 933; x_wconf 87' lang='lat' dir='ltr'><strong>tenebris,</strong></span> <span class='ocrx_word' id='word_1_49' title='bbox 542 855 574 913; x_wconf 92' lang='lat' dir='ltr'><strong>in</strong></span> <span class='ocrx_word' id='word_1_50' title='bbox 596 853 656 914; x_wconf 90' lang='lat' dir='ltr'><strong>luci</strong></span> <span class='ocrx_word' id='word_1_51' title='bbox 680 872 754 932; x_wconf 92' lang='lat' dir='ltr'><strong>quae</strong></span> <span class='ocrx_word' id='word_1_52' title='bbox 777 856 886 932; x_wconf 90' lang='lat' dir='ltr'><strong>poterit</strong></span> <span class='ocrx_word' id='word_1_53' title='bbox 908 872 957 914; x_wconf 91' lang='lat' dir='ltr'><strong>res</strong></span> <span class='ocrx_word' id='word_1_54' title='bbox 1030 876 1070 917; x_wconf 81' lang='lat' dir='ltr'><strong>eea</strong></span> 
     </span>
     <span class='ocr_line' id='line_1_9' title="bbox 133 938 966 1021; baseline 0.001 -20"><span class='ocrx_word' id='word_1_55' title='bbox 133 940 266 1001; x_wconf 91' lang='lat' dir='ltr'><strong>accidere</strong></span> <span class='ocrx_word' id='word_1_56' title='bbox 289 939 326 999; x_wconf 94' lang='lat' dir='ltr'><strong>ad</strong></span> <span class='ocrx_word' id='word_1_57' title='bbox 349 942 479 1019; x_wconf 86' lang='lat' dir='ltr'><strong>speciem</strong></span> <span class='ocrx_word' id='word_1_58' title='bbox 503 941 656 1021; x_wconf 87' lang='lat' dir='ltr'><strong>quadrata,</strong></span> <span class='ocrx_word' id='word_1_59' title='bbox 679 944 739 1002; x_wconf 90' lang='lat' dir='ltr'><strong>nisi</strong></span> <span class='ocrx_word' id='word_1_60' title='bbox 761 945 825 1003; x_wconf 91' lang='lat' dir='ltr'><strong>eius</strong></span> <span class='ocrx_word' id='word_1_61' title='bbox 848 938 966 1020; x_wconf 82' lang='lat' dir='ltr'><strong>imago?</strong></span> 
     </span>
    </p>

    <p class='ocr_par' dir='ltr' id='par_1_6' title="bbox 61 1028 907 1109">
     <span class='ocr_line' id='line_1_10' title="bbox 61 1028 907 1109; baseline -0.004 -16"><span class='ocrx_word' id='word_1_62' title='bbox 61 1045 114 1093; x_wconf 80' lang='lat'><strong>105</strong></span> <span class='ocrx_word' id='word_1_63' title='bbox 133 1046 199 1089; x_wconf 90' lang='lat' dir='ltr'><strong>esse</strong></span> <span class='ocrx_word' id='word_1_64' title='bbox 223 1031 254 1088; x_wconf 94' lang='lat' dir='ltr'><strong>in</strong></span> <span class='ocrx_word' id='word_1_65' title='bbox 277 1028 457 1106; x_wconf 80' lang='lat' dir='ltr'><strong>imaginibus</strong></span> <span class='ocrx_word' id='word_1_66' title='bbox 481 1037 659 1109; x_wconf 89' lang='lat' dir='ltr'><strong>quapropter</strong></span> <span class='ocrx_word' id='word_1_67' title='bbox 681 1048 768 1091; x_wconf 91' lang='lat' dir='ltr'><strong>causa</strong></span> <span class='ocrx_word' id='word_1_68' title='bbox 791 1030 907 1091; x_wconf 86' lang='lat' dir='ltr'><strong>ridetur</strong></span> 
     </span>
    </p>

    <p class='ocr_par' dir='ltr' id='par_1_7' title="bbox 59 1117 940 1196">
     <span class='ocr_line' id='line_1_11' title="bbox 59 1117 940 1196; baseline -0.008 -10"><span class='ocrx_word' id='word_1_69' title='bbox 59 1133 117 1185; x_wconf 78' lang='lat'><strong>236</strong></span> <span class='ocrx_word' id='word_1_70' title='bbox 131 1117 276 1178; x_wconf 84' lang='lat' dir='ltr'><strong>cernundi</strong></span> <span class='ocrx_word' id='word_1_71' title='bbox 298 1135 394 1196; x_wconf 90' lang='lat' dir='ltr'><strong>neque</strong></span> <span class='ocrx_word' id='word_1_72' title='bbox 417 1136 505 1196; x_wconf 91' lang='lat' dir='ltr'><strong>posse</strong></span> <span class='ocrx_word' id='word_1_73' title='bbox 529 1120 593 1178; x_wconf 93' lang='lat' dir='ltr'><strong>sine</strong></span> <span class='ocrx_word' id='word_1_74' title='bbox 617 1118 663 1178; x_wconf 91' lang='lat' dir='ltr'><strong>his</strong></span> <span class='ocrx_word' id='word_1_75' title='bbox 687 1137 736 1178; x_wconf 91' lang='lat' dir='ltr'><strong>res</strong></span> <span class='ocrx_word' id='word_1_76' title='bbox 757 1117 816 1178; x_wconf 92' lang='lat' dir='ltr'><strong>ulla</strong></span> <span class='ocrx_word' id='word_1_77' title='bbox 839 1118 940 1179; x_wconf 90' lang='lat' dir='ltr'><strong>videri.</strong></span> 
     </span>
    </p>

    <p class='ocr_par' dir='ltr' id='par_1_8' title="bbox 80 1205 1081 1465">
     <span class='ocr_line' id='line_1_12' title="bbox 80 1205 1080 1285; baseline 0.002 -20"><span class='ocrx_word' id='word_1_78' title='bbox 80 1223 117 1274; x_wconf 86' lang='lat'><strong>96</strong></span> <span class='ocrx_word' id='word_1_79' title='bbox 133 1212 284 1285; x_wconf 92' lang='lat' dir='ltr'><strong>postremo</strong></span> <span class='ocrx_word' id='word_1_80' title='bbox 308 1205 436 1284; x_wconf 89' lang='lat' dir='ltr'><strong>speculis</strong></span> <span class='ocrx_word' id='word_1_81' title='bbox 459 1208 491 1266; x_wconf 94' lang='lat' dir='ltr'><strong>in</strong></span> <span class='ocrx_word' id='word_1_82' title='bbox 513 1225 588 1285; x_wconf 92' lang='lat' dir='ltr'><strong>aqua</strong></span> <span class='ocrx_word' id='word_1_83' title='bbox 612 1206 826 1285; x_wconf 82' lang='lat' dir='ltr'><strong>splendoreque</strong></span> <span class='ocrx_word' id='word_1_84' title='bbox 848 1210 880 1266; x_wconf 94' lang='lat' dir='ltr'><strong>in</strong></span> <span class='ocrx_word' id='word_1_85' title='bbox 903 1209 984 1267; x_wconf 91' lang='lat' dir='ltr'><strong>omui</strong></span> <span class='ocrx_word' id='word_1_86' title='bbox 1077 1254 1080 1259; x_wconf 89' lang='lat'>.</span> 
     </span>
     <span class='ocr_line' id='line_1_13' title="bbox 133 1294 990 1377; baseline 0.001 -23"><span class='ocrx_word' id='word_1_87' title='bbox 133 1312 335 1373; x_wconf 92' lang='lat' dir='ltr'><strong>quaecumque</strong></span> <span class='ocrx_word' id='word_1_88' title='bbox 360 1302 502 1373; x_wconf 91' lang='lat' dir='ltr'><strong>apparent</strong></span> <span class='ocrx_word' id='word_1_89' title='bbox 524 1294 611 1354; x_wconf 92' lang='lat' dir='ltr'><strong>nobis</strong></span> <span class='ocrx_word' id='word_1_90' title='bbox 634 1294 804 1375; x_wconf 86' lang='lat' dir='ltr'><strong>simulacra,</strong></span> <span class='ocrx_word' id='word_1_91' title='bbox 826 1301 990 1377; x_wconf 80' lang='lat' dir='ltr'><strong>necessest,</strong></span> 
     </span>
     <span class='ocr_line' id='line_1_14' title="bbox 134 1382 1081 1465; baseline 0.001 -22"><span class='ocrx_word' id='word_1_92' title='bbox 134 1382 369 1462; x_wconf 91' lang='lat' dir='ltr'><strong>quandoquidem</strong></span> <span class='ocrx_word' id='word_1_93' title='bbox 394 1383 483 1442; x_wconf 89' lang='lat' dir='ltr'><strong>simili</strong></span> <span class='ocrx_word' id='word_1_94' title='bbox 507 1384 605 1461; x_wconf 91' lang='lat' dir='ltr'><strong>specie</strong></span> <span class='ocrx_word' id='word_1_95' title='bbox 629 1390 698 1443; x_wconf 93' lang='lat' dir='ltr'><strong>sunt</strong></span> <span class='ocrx_word' id='word_1_96' title='bbox 718 1383 850 1462; x_wconf 90' lang='lat' dir='ltr'><strong>praedita</strong></span> <span class='ocrx_word' id='word_1_97' title='bbox 873 1402 987 1465; x_wconf 82' lang='lat' dir='ltr'><strong>rerum,</strong></span> <span class='ocrx_word' id='word_1_98' title='bbox 1079 1428 1081 1433; x_wconf 68' lang='lat'>,</span> 
     </span>
    </p>

    <p class='ocr_par' dir='ltr' id='par_1_9' title="bbox 61 1471 869 1550">
     <span class='ocr_line' id='line_1_15' title="bbox 61 1471 869 1550; baseline -0.001 -18"><span class='ocrx_word' id='word_1_99' title='bbox 61 1490 170 1543; x_wconf 74' lang='grc'><strong>11601</strong></span> <span class='ocrx_word' id='word_1_100' title='bbox 193 1489 227 1532; x_wconf 93' lang='lat' dir='ltr'><strong>ea</strong></span> <span class='ocrx_word' id='word_1_101' title='bbox 249 1471 426 1550; x_wconf 85' lang='lat' dir='ltr'><strong>imaginibus</strong></span> <span class='ocrx_word' id='word_1_102' title='bbox 448 1473 549 1532; x_wconf 89' lang='lat' dir='ltr'><strong>missis</strong></span> <span class='ocrx_word' id='word_1_103' title='bbox 572 1474 734 1533; x_wconf 88' lang='lat' dir='ltr'><strong>consistere</strong></span> <span class='ocrx_word' id='word_1_104' title='bbox 757 1489 869 1532; x_wconf 89' lang='lat' dir='ltr'><strong>rerum:</strong></span> 
     </span>
    </p>

    <p class='ocr_par' dir='ltr' id='par_1_10' title="bbox 61 1559 929 1816">
     <span class='ocr_line' id='line_1_16' title="bbox 61 1559 892 1640; baseline 0.001 -20"><span class='ocrx_word' id='word_1_105' title='bbox 61 1582 118 1634; x_wconf 79' lang='lat'><strong>102</strong></span> <span class='ocrx_word' id='word_1_106' title='bbox 133 1567 203 1620; x_wconf 90' lang='lat' dir='ltr'><strong>sunt</strong></span> <span class='ocrx_word' id='word_1_107' title='bbox 224 1561 315 1638; x_wconf 81' lang='lat' dir='ltr'><strong>igitur</strong></span> <span class='ocrx_word' id='word_1_108' title='bbox 337 1566 442 1620; x_wconf 90' lang='lat' dir='ltr'><strong>tenues</strong></span> <span class='ocrx_word' id='word_1_109' title='bbox 467 1560 576 1621; x_wconf 83' lang='lat' dir='ltr'><strong>formae</strong></span> <span class='ocrx_word' id='word_1_110' title='bbox 599 1578 700 1620; x_wconf 89' lang='lat' dir='ltr'><strong>rerum</strong></span> <span class='ocrx_word' id='word_1_111' title='bbox 723 1559 892 1640; x_wconf 88' lang='lat' dir='ltr'><strong>similesque</strong></span> 
     </span>
     <span class='ocr_line' id='line_1_17' title="bbox 133 1647 806 1727; baseline 0.001 -20"><span class='ocrx_word' id='word_1_112' title='bbox 133 1649 261 1727; x_wconf 80' lang='lat' dir='ltr'><strong>elligiae,</strong></span> <span class='ocrx_word' id='word_1_113' title='bbox 284 1647 454 1726; x_wconf 85' lang='lat' dir='ltr'><strong>singillatim</strong></span> <span class='ocrx_word' id='word_1_114' title='bbox 478 1667 551 1727; x_wconf 91' lang='lat' dir='ltr'><strong>quas</strong></span> <span class='ocrx_word' id='word_1_115' title='bbox 574 1667 696 1710; x_wconf 89' lang='lat' dir='ltr'><strong>cernere</strong></span> <span class='ocrx_word' id='word_1_116' title='bbox 719 1667 806 1709; x_wconf 93' lang='lat' dir='ltr'><strong>nemo</strong></span> 
     </span>
     <span class='ocr_line' id='line_1_18' title="bbox 133 1736 929 1816; baseline 0 -19"><span class='ocrx_word' id='word_1_117' title='bbox 133 1755 201 1798; x_wconf 94' lang='lat' dir='ltr'><strong>cum</strong></span> <span class='ocrx_word' id='word_1_118' title='bbox 224 1738 331 1816; x_wconf 80' lang='lat' dir='ltr'><strong>possit,</strong></span> <span class='ocrx_word' id='word_1_119' title='bbox 353 1743 452 1797; x_wconf 92' lang='lat' dir='ltr'><strong>tamen</strong></span> <span class='ocrx_word' id='word_1_120' title='bbox 475 1736 597 1797; x_wconf 87' lang='lat' dir='ltr'><strong>adsiduo</strong></span> <span class='ocrx_word' id='word_1_121' title='bbox 621 1737 784 1816; x_wconf 90' lang='lat' dir='ltr'><strong>crebroque</strong></span> <span class='ocrx_word' id='word_1_122' title='bbox 808 1737 929 1816; x_wconf 91' lang='lat' dir='ltr'><strong>repulsu</strong></span> 
     </span>
    </p>

    <p class='ocr_par' dir='ltr' id='par_1_11' title="bbox 60 1824 961 1906">
     <span class='ocr_line' id='line_1_19' title="bbox 60 1824 961 1906; baseline -0.001 -20"><span class='ocrx_word' id='word_1_123' title='bbox 60 1848 117 1900; x_wconf 85' lang='lat'><strong>105</strong></span> <span class='ocrx_word' id='word_1_124' title='bbox 132 1828 259 1886; x_wconf 91' lang='lat' dir='ltr'><strong>reiectae</strong></span> <span class='ocrx_word' id='word_1_125' title='bbox 283 1824 411 1885; x_wconf 90' lang='lat' dir='ltr'><strong>reddunt</strong></span> <span class='ocrx_word' id='word_1_126' title='bbox 433 1826 621 1904; x_wconf 90' lang='lat' dir='ltr'><strong>speculorum</strong></span> <span class='ocrx_word' id='word_1_127' title='bbox 644 1844 680 1885; x_wconf 86' lang='lat' dir='ltr'><strong>ex</strong></span> <span class='ocrx_word' id='word_1_128' title='bbox 703 1844 831 1904; x_wconf 91' lang='lat' dir='ltr'><strong>aequore</strong></span> <span class='ocrx_word' id='word_1_129' title='bbox 853 1828 961 1906; x_wconf 84' lang='lat' dir='ltr'><strong>risum,</strong></span> 
     </span>
    </p>

    <p class='ocr_par' dir='ltr' id='par_1_12' title="bbox 62 1912 975 2081">
     <span class='ocr_line' id='line_1_20' title="bbox 62 1912 915 1995; baseline 0 -21"><span class='ocrx_word' id='word_1_130' title='bbox 62 1938 115 1988; x_wconf 79' lang='lat'><strong>115</strong></span> <span class='ocrx_word' id='word_1_131' title='bbox 133 1933 189 1974; x_wconf 91' lang='lat' dir='ltr'><strong>nec</strong></span> <span class='ocrx_word' id='word_1_132' title='bbox 211 1915 323 1974; x_wconf 92' lang='lat' dir='ltr'><strong>ratione</strong></span> <span class='ocrx_word' id='word_1_133' title='bbox 347 1912 403 1973; x_wconf 95' lang='lat' dir='ltr'><strong>alia</strong></span> <span class='ocrx_word' id='word_1_134' title='bbox 427 1916 538 1973; x_wconf 84' lang='lat' dir='ltr'><strong>servari</strong></span> <span class='ocrx_word' id='word_1_135' title='bbox 559 1932 648 1993; x_wconf 91' lang='lat' dir='ltr'><strong>posse</strong></span> <span class='ocrx_word' id='word_1_136' title='bbox 671 1914 820 1995; x_wconf 82' lang='lat' dir='ltr'><strong>videntur,</strong></span> <span class='ocrx_word' id='word_1_137' title='bbox 912 1917 915 1923; x_wconf 73' lang='grc'><strong><em>’</em></strong></span> 
     </span>
     <span class='ocr_line' id='line_1_21' title="bbox 133 2001 975 2081; baseline 0 -19"><span class='ocrx_word' id='word_1_138' title='bbox 133 2009 215 2062; x_wconf 90' lang='lat' dir='ltr'><strong>tauto</strong></span> <span class='ocrx_word' id='word_1_139' title='bbox 239 2019 327 2081; x_wconf 90' lang='lat' dir='ltr'><strong>opere</strong></span> <span class='ocrx_word' id='word_1_140' title='bbox 352 2008 385 2061; x_wconf 93' lang='lat' dir='ltr'><strong>ut</strong></span> <span class='ocrx_word' id='word_1_141' title='bbox 408 2001 519 2062; x_wconf 89' lang='lat' dir='ltr'><strong>similes</strong></span> <span class='ocrx_word' id='word_1_142' title='bbox 543 2001 704 2062; x_wconf 92' lang='lat' dir='ltr'><strong>reddantur</strong></span> <span class='ocrx_word' id='word_1_143' title='bbox 727 2005 833 2081; x_wconf 91' lang='lat' dir='ltr'><strong>cuique</strong></span> <span class='ocrx_word' id='word_1_144' title='bbox 857 2003 975 2080; x_wconf 83' lang='lat' dir='ltr'><strong>figurae.</strong></span> 
     </span>
    </p>

    <p class='ocr_par' dir='ltr' id='par_1_13' title="bbox 60 2089 989 2344">
     <span class='ocr_line' id='line_1_22' title="bbox 60 2089 924 2169; baseline 0 -20"><span class='ocrx_word' id='word_1_145' title='bbox 60 2115 120 2167; x_wconf 80' lang='lat'><strong>127</strong></span> <span class='ocrx_word' id='word_1_146' title='bbox 179 2089 236 2150; x_wconf 89' lang='lat' dir='ltr'><strong>Sed</strong></span> <span class='ocrx_word' id='word_1_147' title='bbox 259 2107 297 2150; x_wconf 91' lang='lat' dir='ltr'><strong>ne</strong></span> <span class='ocrx_word' id='word_1_148' title='bbox 320 2090 396 2149; x_wconf 84' lang='lat' dir='ltr'><strong>torte</strong></span> <span class='ocrx_word' id='word_1_149' title='bbox 419 2097 506 2167; x_wconf 90' lang='lat' dir='ltr'><strong>putes</strong></span> <span class='ocrx_word' id='word_1_150' title='bbox 529 2108 563 2150; x_wconf 96' lang='lat' dir='ltr'><strong>ea</strong></span> <span class='ocrx_word' id='word_1_151' title='bbox 587 2090 705 2150; x_wconf 91' lang='lat' dir='ltr'><strong>demum</strong></span> <span class='ocrx_word' id='word_1_152' title='bbox 729 2089 790 2150; x_wconf 91' lang='lat' dir='ltr'><strong>sola</strong></span> <span class='ocrx_word' id='word_1_153' title='bbox 813 2093 924 2169; x_wconf 83' lang='lat' dir='ltr'><strong>vagari,</strong></span> 
     </span>
     <span class='ocr_line' id='line_1_23' title="bbox 135 2176 989 2258; baseline -0.001 -20"><span class='ocrx_word' id='word_1_154' title='bbox 135 2196 336 2257; x_wconf 91' lang='lat' dir='ltr'><strong>quaecumque</strong></span> <span class='ocrx_word' id='word_1_155' title='bbox 360 2176 395 2237; x_wconf 88' lang='grc'><strong>01)</strong></span> <span class='ocrx_word' id='word_1_156' title='bbox 419 2177 509 2238; x_wconf 88' lang='lat' dir='ltr'><strong>rebus</strong></span> <span class='ocrx_word' id='word_1_157' title='bbox 532 2196 632 2238; x_wconf 91' lang='lat' dir='ltr'><strong>rerum</strong></span> <span class='ocrx_word' id='word_1_158' title='bbox 656 2177 812 2238; x_wconf 90' lang='lat' dir='ltr'><strong>simulacra</strong></span> <span class='ocrx_word' id='word_1_159' title='bbox 835 2177 989 2258; x_wconf 83' lang='lat' dir='ltr'><strong>recedunt,</strong></span> 
     </span>
     <span class='ocr_line' id='line_1_24' title="bbox 136 2267 937 2344; baseline -0.004 -17"><span class='ocrx_word' id='word_1_160' title='bbox 136 2273 204 2328; x_wconf 91' lang='lat' dir='ltr'><strong>sunt</strong></span> <span class='ocrx_word' id='word_1_161' title='bbox 227 2268 314 2326; x_wconf 90' lang='lat' dir='ltr'><strong>etiam</strong></span> <span class='ocrx_word' id='word_1_162' title='bbox 338 2284 411 2344; x_wconf 93' lang='lat' dir='ltr'><strong>quae</strong></span> <span class='ocrx_word' id='word_1_163' title='bbox 436 2272 540 2344; x_wconf 90' lang='lat' dir='ltr'><strong>sponte</strong></span> <span class='ocrx_word' id='word_1_164' title='bbox 564 2285 616 2326; x_wconf 93' lang='lat' dir='ltr'><strong>sua</strong></span> <span class='ocrx_word' id='word_1_165' title='bbox 640 2268 800 2344; x_wconf 81' lang='lat' dir='ltr'><strong>gignuntur</strong></span> <span class='ocrx_word' id='word_1_166' title='bbox 823 2267 937 2343; x_wconf 89' lang='lat' dir='ltr'><strong>etipsa</strong></span> 
     </span>
    </p>

    <p class='ocr_par' dir='ltr' id='par_1_14' title="bbox 62 2353 893 2435">
     <span class='ocr_line' id='line_1_25' title="bbox 62 2353 893 2435; baseline -0.005 -19"><span class='ocrx_word' id='word_1_167' title='bbox 62 2379 116 2428; x_wconf 79' lang='lat'><strong>120</strong></span> <span class='ocrx_word' id='word_1_168' title='bbox 136 2357 356 2417; x_wconf 89' lang='lat' dir='ltr'><strong>constituuntur</strong></span> <span class='ocrx_word' id='word_1_169' title='bbox 379 2356 410 2414; x_wconf 93' lang='grc'><strong>10</strong></span> <span class='ocrx_word' id='word_1_170' title='bbox 432 2354 489 2414; x_wconf 94' lang='lat' dir='ltr'><strong>hoc</strong></span> <span class='ocrx_word' id='word_1_171' title='bbox 513 2354 606 2435; x_wconf 83' lang='lat' dir='ltr'><strong>caelo,</strong></span> <span class='ocrx_word' id='word_1_172' title='bbox 630 2357 681 2433; x_wconf 92' lang='lat' dir='ltr'><strong>qui</strong></span> <span class='ocrx_word' id='word_1_173' title='bbox 704 2353 812 2414; x_wconf 91' lang='lat' dir='ltr'><strong>dicitur</strong></span> <span class='ocrx_word' id='word_1_174' title='bbox 835 2357 893 2412; x_wconf 74' lang='lat' dir='ltr'><strong>air.</strong></span> 
     </span>
    </p>

    <p class='ocr_par' dir='ltr' id='par_1_15' title="bbox 62 2442 913 2771">
     <span class='ocr_line' id='line_1_26' title="bbox 62 2442 904 2523; baseline -0.004 -19"><span class='ocrx_word' id='word_1_175' title='bbox 62 2467 118 2517; x_wconf 85' lang='lat'><strong>131</strong></span> <span class='ocrx_word' id='word_1_176' title='bbox 137 2462 210 2523; x_wconf 91' lang='lat' dir='ltr'><strong>quae</strong></span> <span class='ocrx_word' id='word_1_177' title='bbox 233 2443 334 2503; x_wconf 89' lang='lat' dir='ltr'><strong>multis</strong></span> <span class='ocrx_word' id='word_1_178' title='bbox 358 2442 481 2502; x_wconf 85' lang='lat' dir='ltr'><strong>formata</strong></span> <span class='ocrx_word' id='word_1_179' title='bbox 504 2443 599 2502; x_wconf 94' lang='lat' dir='ltr'><strong>modis</strong></span> <span class='ocrx_word' id='word_1_180' title='bbox 623 2442 747 2503; x_wconf 89' lang='lat' dir='ltr'><strong>sublime</strong></span> <span class='ocrx_word' id='word_1_181' title='bbox 771 2442 904 2502; x_wconf 85' lang='lat' dir='ltr'><strong>seruntur</strong></span> 
     </span>
     <span class='ocr_line' id='line_1_27' title="bbox 136 2530 892 2609; baseline -0.003 -17"><span class='ocrx_word' id='word_1_182' title='bbox 136 2551 191 2593; x_wconf 95' lang='lat' dir='ltr'><strong>nec</strong></span> <span class='ocrx_word' id='word_1_183' title='bbox 214 2534 343 2609; x_wconf 91' lang='lat' dir='ltr'><strong>speciem</strong></span> <span class='ocrx_word' id='word_1_184' title='bbox 366 2538 480 2591; x_wconf 93' lang='lat' dir='ltr'><strong>mutare</strong></span> <span class='ocrx_word' id='word_1_185' title='bbox 504 2549 587 2591; x_wconf 91' lang='lat' dir='ltr'><strong>suam</strong></span> <span class='ocrx_word' id='word_1_186' title='bbox 610 2530 753 2609; x_wconf 91' lang='lat' dir='ltr'><strong>liquentia</strong></span> <span class='ocrx_word' id='word_1_187' title='bbox 775 2537 892 2590; x_wconf 89' lang='lat' dir='ltr'><strong>cessant</strong></span> 
     </span>
     <span class='ocr_line' id='line_1_28' title="bbox 136 2619 911 2699; baseline -0.005 -17"><span class='ocrx_word' id='word_1_188' title='bbox 136 2629 166 2682; x_wconf 93' lang='lat' dir='ltr'><strong>et</strong></span> <span class='ocrx_word' id='word_1_189' title='bbox 188 2622 331 2698; x_wconf 90' lang='lat' dir='ltr'><strong>cuiusque</strong></span> <span class='ocrx_word' id='word_1_190' title='bbox 354 2619 435 2679; x_wconf 92' lang='lat' dir='ltr'><strong>modi</strong></span> <span class='ocrx_word' id='word_1_191' title='bbox 457 2620 617 2680; x_wconf 83' lang='lat' dir='ltr'><strong>formarum</strong></span> <span class='ocrx_word' id='word_1_192' title='bbox 639 2626 754 2680; x_wconf 89' lang='lat' dir='ltr'><strong>vertere</strong></span> <span class='ocrx_word' id='word_1_193' title='bbox 777 2621 808 2679; x_wconf 91' lang='lat' dir='ltr'><strong>in</strong></span> <span class='ocrx_word' id='word_1_194' title='bbox 831 2637 911 2699; x_wconf 78' lang='lat' dir='ltr'><strong>oras3</strong></span> 
     </span>
     <span class='ocr_line' id='line_1_29' title="bbox 136 2707 913 2771; baseline -0.005 -1"><span class='ocrx_word' id='word_1_195' title='bbox 136 2718 169 2771; x_wconf 93' lang='lat' dir='ltr'><strong>ut</strong></span> <span class='ocrx_word' id='word_1_196' title='bbox 192 2708 285 2769; x_wconf 88' lang='lat' dir='ltr'><strong>nubes</strong></span> <span class='ocrx_word' id='word_1_197' title='bbox 308 2707 392 2767; x_wconf 81' lang='lat' dir='ltr'><strong>facile</strong></span> <span class='ocrx_word' id='word_1_198' title='bbox 415 2707 564 2768; x_wconf 90' lang='lat' dir='ltr'><strong>interdum</strong></span> <span class='ocrx_word' id='word_1_199' title='bbox 588 2726 778 2768; x_wconf 88' lang='lat' dir='ltr'><strong>concrescere</strong></span> <span class='ocrx_word' id='word_1_200' title='bbox 802 2710 833 2767; x_wconf 91' lang='lat' dir='ltr'><strong>in</strong></span> <span class='ocrx_word' id='word_1_201' title='bbox 856 2707 913 2767; x_wconf 94' lang='lat' dir='ltr'><strong>alto</strong></span> 
     </span>
    </p>

    <p class='ocr_par' dir='ltr' id='par_1_16' title="bbox 65 2796 920 2876">
     <span class='ocr_line' id='line_1_30' title="bbox 65 2796 920 2876; baseline -0.016 -8"><span class='ocrx_word' id='word_1_202' title='bbox 65 2799 286 2867; x_wconf 80' lang='lat' dir='ltr'><strong>maceramus</strong></span> <span class='ocrx_word' id='word_1_203' title='bbox 310 2803 340 2855; x_wconf 93' lang='lat' dir='ltr'><strong>et</strong></span> <span class='ocrx_word' id='word_1_204' title='bbox 362 2796 465 2856; x_wconf 90' lang='lat' dir='ltr'><strong>mundi</strong></span> <span class='ocrx_word' id='word_1_205' title='bbox 488 2798 617 2876; x_wconf 91' lang='lat' dir='ltr'><strong>speciem</strong></span> <span class='ocrx_word' id='word_1_206' title='bbox 640 2796 748 2856; x_wconf 87' lang='lat' dir='ltr'><strong>violare</strong></span> <span class='ocrx_word' id='word_1_207' title='bbox 773 2813 920 2874; x_wconf 88' lang='lat' dir='ltr'><strong>serenam,</strong></span> 
     </span>
    </p>

    <p class='ocr_par' dir='ltr' id='par_1_17' title="bbox 63 2883 926 3226">
     <span class='ocr_line' id='line_1_31' title="bbox 63 2883 888 2962; baseline -0.008 -13"><span class='ocrx_word' id='word_1_208' title='bbox 63 2907 119 2958; x_wconf 82' lang='grc'><strong>166</strong></span> <span class='ocrx_word' id='word_1_209' title='bbox 136 2892 204 2949; x_wconf 80' lang='lat' dir='ltr'><strong>adra</strong></span> <span class='ocrx_word' id='word_1_210' title='bbox 227 2883 390 2945; x_wconf 87' lang='lat' dir='ltr'><strong>mulcentes</strong></span> <span class='ocrx_word' id='word_1_211' title='bbox 412 2891 507 2944; x_wconf 89' lang='lat' dir='ltr'><strong>motu:</strong></span> <span class='ocrx_word' id='word_1_212' title='bbox 531 2902 599 2944; x_wconf 93' lang='lat' dir='ltr'><strong>uam</strong></span> <span class='ocrx_word' id='word_1_213' title='bbox 623 2902 708 2962; x_wconf 91' lang='lat' dir='ltr'><strong>saepe</strong></span> <span class='ocrx_word' id='word_1_214' title='bbox 732 2883 888 2961; x_wconf 83' lang='lat' dir='ltr'><strong>Gigantum</strong></span> 
     </span>
     <span class='ocr_line' id='line_1_32' title="bbox 136 2969 900 3050; baseline -0.007 -14"><span class='ocrx_word' id='word_1_215' title='bbox 136 2993 187 3037; x_wconf 90' lang='lat' dir='ltr'><strong>ora</strong></span> <span class='ocrx_word' id='word_1_216' title='bbox 209 2973 307 3033; x_wconf 89' lang='lat' dir='ltr'><strong>volare</strong></span> <span class='ocrx_word' id='word_1_217' title='bbox 331 2972 467 3033; x_wconf 87' lang='lat' dir='ltr'><strong>ridentur</strong></span> <span class='ocrx_word' id='word_1_218' title='bbox 490 2979 520 3032; x_wconf 95' lang='lat' dir='ltr'><strong>et</strong></span> <span class='ocrx_word' id='word_1_219' title='bbox 541 2971 675 3033; x_wconf 90' lang='lat' dir='ltr'><strong>umbram</strong></span> <span class='ocrx_word' id='word_1_220' title='bbox 699 2972 806 3032; x_wconf 91' lang='lat' dir='ltr'><strong>ducere</strong></span> <span class='ocrx_word' id='word_1_221' title='bbox 829 2969 900 3050; x_wconf 84' lang='lat' dir='ltr'><strong>late,</strong></span> 
     </span>
     <span class='ocr_line' id='line_1_33' title="bbox 136 3059 815 3139; baseline -0.01 -14"><span class='ocrx_word' id='word_1_222' title='bbox 136 3062 287 3125; x_wconf 90' lang='lat' dir='ltr'><strong>interdum</strong></span> <span class='ocrx_word' id='word_1_223' title='bbox 308 3063 408 3138; x_wconf 83' lang='lat' dir='ltr'><strong>magni</strong></span> <span class='ocrx_word' id='word_1_224' title='bbox 429 3068 545 3121; x_wconf 91' lang='lat' dir='ltr'><strong>montes</strong></span> <span class='ocrx_word' id='word_1_225' title='bbox 568 3059 722 3139; x_wconf 89' lang='lat' dir='ltr'><strong>avolsaque</strong></span> <span class='ocrx_word' id='word_1_226' title='bbox 746 3078 815 3119; x_wconf 84' lang='lat' dir='ltr'><strong>saxa</strong></span> 
     </span>
     <span class='ocr_line' id='line_1_34' title="bbox 136 3148 926 3226; baseline -0.008 -14"><span class='ocrx_word' id='word_1_227' title='bbox 136 3150 287 3213; x_wconf 91' lang='lat' dir='ltr'><strong>montibus</strong></span> <span class='ocrx_word' id='word_1_228' title='bbox 310 3152 422 3210; x_wconf 90' lang='lat' dir='ltr'><strong>anteire</strong></span> <span class='ocrx_word' id='word_1_229' title='bbox 446 3156 476 3209; x_wconf 91' lang='lat' dir='ltr'><strong>et</strong></span> <span class='ocrx_word' id='word_1_230' title='bbox 498 3148 591 3209; x_wconf 91' lang='lat' dir='ltr'><strong>solem</strong></span> <span class='ocrx_word' id='word_1_231' title='bbox 615 3148 773 3209; x_wconf 89' lang='lat' dir='ltr'><strong>succedere</strong></span> <span class='ocrx_word' id='word_1_232' title='bbox 796 3153 926 3226; x_wconf 88' lang='lat' dir='ltr'><strong>praeter,</strong></span> 
     </span>
    </p>

    <p class='ocr_par' dir='ltr' id='par_1_18' title="bbox 68 3234 1072 3316">
     <span class='ocr_line' id='line_1_35' title="bbox 68 3234 1072 3316; baseline -0.009 -9"><span class='ocrx_word' id='word_1_233' title='bbox 68 3242 205 3308; x_wconf 85' lang='grc'><strong>10010110</strong></span> <span class='ocrx_word' id='word_1_234' title='bbox 229 3238 301 3299; x_wconf 89' lang='lat' dir='ltr'><strong>alios</strong></span> <span class='ocrx_word' id='word_1_235' title='bbox 324 3239 441 3298; x_wconf 90' lang='lat' dir='ltr'><strong>trahere</strong></span> <span class='ocrx_word' id='word_1_236' title='bbox 466 3245 552 3316; x_wconf 93' lang='lat' dir='ltr'><strong>atque</strong></span> <span class='ocrx_word' id='word_1_237' title='bbox 576 3237 717 3297; x_wconf 90' lang='lat' dir='ltr'><strong>inducere</strong></span> <span class='ocrx_word' id='word_1_238' title='bbox 740 3236 826 3296; x_wconf 89' lang='lat' dir='ltr'><strong>belua</strong></span> <span class='ocrx_word' id='word_1_239' title='bbox 849 3234 973 3295; x_wconf 91' lang='lat' dir='ltr'><strong>nimbos.</strong></span> <span class='ocrx_word' id='word_1_240' title='bbox 1032 3259 1072 3298; x_wconf 79' lang='lat' dir='ltr'><strong>no</strong></span> 
     </span>
    </p>

    <p class='ocr_par' dir='ltr' id='par_1_19' title="bbox 66 3324 1072 3498">
     <span class='ocr_line' id='line_1_36' title="bbox 66 3324 1072 3414; baseline -0.001 -27"><span class='ocrx_word' id='word_1_241' title='bbox 66 3347 121 3398; x_wconf 91' lang='grc'><strong>166</strong></span> <span class='ocrx_word' id='word_1_242' title='bbox 178 3324 187 3414; x_wconf 65' lang='lat' dir='ltr'><strong>ll</strong></span> <span class='ocrx_word' id='word_1_243' title='bbox 201 3327 356 3388; x_wconf 88' lang='lat' dir='ltr'><strong>Praeterea</strong></span> <span class='ocrx_word' id='word_1_244' title='bbox 379 3326 465 3386; x_wconf 92' lang='lat' dir='ltr'><strong>modo</strong></span> <span class='ocrx_word' id='word_1_245' title='bbox 490 3344 557 3387; x_wconf 92' lang='lat' dir='ltr'><strong>cum</strong></span> <span class='ocrx_word' id='word_1_246' title='bbox 580 3325 669 3386; x_wconf 85' lang='lat' dir='ltr'><strong>tuerit</strong></span> <span class='ocrx_word' id='word_1_247' title='bbox 691 3325 887 3402; x_wconf 90' lang='lat' dir='ltr'><strong>liquidissima</strong></span> <span class='ocrx_word' id='word_1_248' title='bbox 910 3324 983 3385; x_wconf 92' lang='lat' dir='ltr'><strong>caeli</strong></span> <span class='ocrx_word' id='word_1_249' title='bbox 1033 3347 1072 3386; x_wconf 82' lang='grc'><strong>100</strong></span> 
     </span>
     <span class='ocr_line' id='line_1_37' title="bbox 136 3413 912 3498; baseline -0.009 -19"><span class='ocrx_word' id='word_1_250' title='bbox 136 3422 309 3498; x_wconf 83' lang='lat' dir='ltr'><strong>tempestas,</strong></span> <span class='ocrx_word' id='word_1_251' title='bbox 332 3433 474 3494; x_wconf 92' lang='lat' dir='ltr'><strong>perquam</strong></span> <span class='ocrx_word' id='word_1_252' title='bbox 498 3413 595 3475; x_wconf 92' lang='lat' dir='ltr'><strong>subito</strong></span> <span class='ocrx_word' id='word_1_253' title='bbox 619 3414 652 3473; x_wconf 87' lang='lat' dir='ltr'><strong>tit</strong></span> <span class='ocrx_word' id='word_1_254' title='bbox 673 3413 791 3473; x_wconf 87' lang='lat' dir='ltr'><strong>turbida</strong></span> <span class='ocrx_word' id='word_1_255' title='bbox 815 3413 912 3494; x_wconf 85' lang='lat' dir='ltr'><strong>foede,</strong></span> 
     </span>
    </p>

    <p class='ocr_par' dir='ltr' id='par_1_20' title="bbox 420 3497 880 3652">
     <span class='ocr_line' id='line_1_38' title="bbox 420 3497 721 3582; baseline -0.003 -19"><span class='ocrx_word' id='word_1_256' title='bbox 420 3500 481 3564; x_wconf 84' lang='lat'><strong>102</strong></span> <span class='ocrx_word' id='word_1_257' title='bbox 502 3497 659 3582; x_wconf 85' lang='lat' dir='ltr'><strong>sq==65</strong></span> <span class='ocrx_word' id='word_1_258' title='bbox 679 3519 721 3582; x_wconf 91' lang='lat' dir='ltr'><strong>sq.</strong></span> 
     </span>
     <span class='ocr_line' id='line_1_39' title="bbox 839 3601 880 3652; baseline 0 -17"><span class='ocrx_word' id='word_1_259' title='bbox 839 3601 880 3652; x_wconf 70' lang='lat' dir='ltr'><strong>vq&#39;s</strong></span> 
     </span>
    </p>
   </div>
   <div class='ocr_carea' id='block_1_2' title="bbox 0 0 1228 3878">
    <p class='ocr_par' dir='ltr' id='par_1_21' title="bbox 0 0 1228 3878">
     <span class='ocr_line' id='line_1_40' title="bbox 0 0 1228 3878; baseline 0 0"><span class='ocrx_word' id='word_1_260' title='bbox 0 0 1228 3878; x_wconf 95' lang='lat' dir='ltr'><strong> </strong></span> 
     </span>
    </p>
   </div>
  </div>
 </body>
</html>
