2430 3878
122 109 173 158 170
192 104 218 161 si
239 120 312 183 non,
336 110 416 162 certa
440 120 493 163 suo
518 104 585 181 quia
609 108 740 180 tempore
765 102 876 161 semina
899 115 1001 160 rerum

191 209 259 251 cum
282 190 500 272 confluxerunt,
522 190 624 269 patefit
648 189 725 269 quod
750 206 876 267 cumque
900 195 1032 269 creatur,

192 278 260 339 dum
283 286 473 358 tempestates
497 279 604 339 adsunt
626 285 656 338 et
677 277 773 338 vivida
796 276 883 337 tellus
1115 278 1118 283 '

191 374 323 428 tutores
346 374 463 428 teneras
488 368 572 427 ellert
595 368 626 426 in
648 365 769 426 luminis
792 361 881 426 oras?

120 461 176 512 180
190 455 270 534 quod
295 458 320 516 si
343 455 379 516 de
403 456 462 516 nilo
486 456 604 535 tierent,
627 454 725 514 subito
748 459 943 514 exorerentur

122 549 172 599 170
190 546 304 604 incerto
328 546 422 622 spatio
445 550 532 622 atque
555 543 658 603 alienis
682 542 815 622 partibus
838 544 922 623 anniq

192 635 299 711 quippe
322 631 374 692 ubi
396 631 476 692 nulla
499 632 596 692 lorent
618 631 791 711 primordia,
816 648 890 708 quae
914 628 1037 708 genitali

192 720 316 781 concilio
338 727 461 798 possent
483 722 579 781 arceri
601 727 732 798 tempore
755 721 866 797 iniquo.

191 827 246 869 nec
268 827 356 888 porro
380 809 521 888 augendis
545 808 634 869 rebus
658 810 751 887 spatio
775 807 851 868 ioret
873 825 959 889 usus,

119 903 175 955 185
193 900 315 958 seminis
338 897 374 957 ad
397 900 520 979 coitum,
544 899 570 957 si
592 915 609 958 0
632 895 692 957 nilo
716 913 851 956 crescere
873 901 1008 977 possent3
1090 907 1130 949 100

121 993 173 1042 180
191 1004 259 1045 nam
282 987 387 1046 fierent
409 989 529 1046 iuvenes
553 984 650 1045 subito
674 1003 710 1044 ex
733 983 885 1044 infantibu'
908 985 1022 1064 parvis,

192 1092 208 1135 0
231 1080 368 1152 terraque
391 1082 492 1134 exorta
516 1080 637 1152 repente
661 1072 780 1133 arbusta
804 1071 934 1133 salirent.

193 1179 318 1240 quorum
341 1161 383 1220 nil
405 1162 471 1222 fieri
493 1161 723 1242 manifestumst,
746 1162 843 1221 omnia
867 1159 984 1239 quando

191 1248 330 1328 paulatim
354 1257 505 1330 crescunt,
527 1257 561 1310 ut
583 1268 636 1328 par
659 1255 705 1309 est
728 1251 840 1308 semine
863 1255 945 1309 certo

134 1382 138 1389 .
615 1355 633 1394 s

122 1433 176 1484 190
193 1432 418 1503 crescentesque
442 1443 535 1504 genus
559 1433 688 1507 servant3
711 1433 744 1486 ut
766 1443 890 1487 noscere
912 1427 1011 1505 possis
1099 1496 1104 1513 ,

123 1520 174 1570 100
194 1516 319 1593 quicque
343 1531 395 1574 sua
418 1513 454 1573 de
477 1515 600 1574 materia
624 1513 818 1592 grandescere
842 1513 948 1592 alique.

192 1603 250 1664 huc
273 1601 386 1662 accedit
408 1603 452 1661 uti
475 1604 539 1663 sine
562 1604 652 1663 certis
675 1601 820 1663 imbribus
844 1603 914 1663 anni

192 1691 334 1751 laetificos
357 1697 485 1768 nequeat
507 1691 584 1751 letus
608 1690 781 1752 submittere
803 1689 905 1771 tellus,

192 1797 248 1839 nec
269 1796 358 1857 porro
382 1785 495 1838 secreta
519 1777 584 1839 cibo
607 1786 711 1839 natura
734 1780 916 1840 animantum

107 1873 177 1926 ¹195
193 1885 355 1947 propagare
379 1885 471 1945 genus
494 1869 589 1946 possit
611 1869 759 1945 vitamque
782 1869 873 1948 tueri3

124 1964 174 2014 100
192 1963 226 2017 ut
248 1957 346 2034 potius
369 1954 471 2015 multis
494 1957 659 2016 communia
683 1973 806 2034 corpora
828 1955 919 2016 rebus

193 2043 284 2106 multa
307 2050 393 2123 putes
417 2062 497 2124 esse,
519 2052 553 2105 ut
575 2043 673 2111 verbis
697 2042 842 2104 elementa
864 2043 1012 2124 videmus,

193 2150 281 2212 quam
303 2134 366 2192 sine
390 2134 546 2211 principiis
568 2131 657 2192 ullam
680 2149 744 2192 rem
767 2134 895 2192 existere
917 2149 1015 2211 posse.

193 2220 320 2298 denique
344 2238 397 2281 cur
418 2220 553 2280 homines
576 2227 672 2280 tantos
696 2226 800 2280 natura
821 2237 926 2300 parare

123 2316 181 2368 200
194 2326 253 2368 non
276 2310 384 2388 potuit,
407 2307 532 2386 pedibus
557 2311 607 2386 qui
629 2315 752 2388 pontum
774 2327 829 2387 per
851 2307 922 2369 vada
944 2316 1069 2388 possent
1089 2321 1129 2363 roo

123 2405 174 2454 100
193 2398 319 2456 transire
343 2402 372 2456 et
395 2413 515 2473 magnos
538 2396 673 2458 manibus
697 2396 836 2457 divellere
858 2399 968 2457 montis

192 2485 341 2563 multaque
364 2484 488 2544 virendo
510 2483 607 2545 vitalia
631 2487 749 2546 vincere
773 2484 880 2566 saecla,

193 2576 219 2634 si
241 2591 314 2654 non,
337 2575 475 2633 materies
500 2574 568 2651 quia
591 2573 680 2634 rebus
703 2572 818 2635 reddita
841 2579 951 2634 certast

121 2670 177 2722 204
193 2661 363 2742 gignundis,
387 2679 402 2722 e
426 2679 483 2739 qua
506 2669 621 2722 constat
644 2661 714 2741 quid
737 2663 832 2740 possit
854 2657 948 2723 oriri?
1089 2675 1130 2716 aot

120 2758 178 2810 208
192 2758 340 2829 postremo
365 2751 503 2829 quoniam
525 2749 645 2810 incultis
666 2756 817 2829 praestare
840 2749 974 2811 videmus
1088 2764 1129 2805 ros

121 2846 174 2894 200
193 2837 269 2899 culta
291 2839 355 2899 loca
379 2845 408 2898 et
431 2838 566 2899 manibus
589 2838 720 2899 melioris
743 2837 867 2898 reddere
892 2838 983 2920 letus,

121 2933 179 2985 210
195 2944 260 2986 0000
283 2927 420 2988 videlicet
442 2928 473 2986 in
495 2929 585 2988 terris
608 2926 769 3005 primordia
792 2944 906 3008 rerum,
1088 2940 1131 2982 1ιο

193 3032 266 3092 quae
290 3033 343 3074 nos
367 3015 507 3075 fecundas
530 3021 678 3075 vertentes
702 3031 820 3075 vomere
842 3014 942 3094 glebas

191 3104 340 3181 terraique
364 3102 460 3164 solum
483 3101 652 3181 subigentes
676 3104 771 3164 cimus
794 3102 829 3163 ad
853 3110 949 3164 ortus:

192 3190 271 3268 quod
295 3193 320 3250 si
343 3190 422 3252 nulla
446 3192 556 3271 forent,
578 3198 681 3252 nostro
706 3193 770 3252 sine
794 3209 928 3271 quaeque
951 3190 1053 3252 labore

106 3285 164 3334 206
179 3285 289 3358 sponte
312 3297 367 3342 sua
390 3279 486 3342 multo
511 3280 579 3342 ficri
601 3279 728 3342 meliora
746 3279 876 3340 uideres.
1089 3293 1132 3335 ru
