2430 3878
600 178 613 232 Ι
1065 175 1107 239 27

99 335 160 388 945
176 327 280 406 volgus
303 324 441 386 abhorret
464 324 500 385 ab
523 324 590 406 hac,
612 323 692 385 volui
714 324 769 384 tihi
791 323 1006 402 suaviloquenti
1069 335 1111 376 ⁹⁴⁶

100 422 159 473 940
178 417 306 475 carmine
329 412 427 475 Pierio
450 415 595 473 rationem
618 430 764 491 exponere
787 418 918 472 nostram

178 511 207 565 et
230 505 314 581 quasi
336 519 457 562 musaeo
480 499 559 561 dulci
581 502 752 577 contingere
774 498 874 580 melle;

179 593 205 651 si
227 590 282 651 tihi
305 590 380 650 lorte
404 591 533 649 animum
555 587 609 648 tali
630 590 744 648 ratione
765 593 868 648 tenere

178 678 313 739 versibus
336 679 367 736 in
390 679 500 737 nostris
522 693 655 757 possem,
677 675 747 736 dum
770 676 915 753 perspicis
938 691 1055 734 omnem

104 773 164 826 950
178 774 313 827 naturam
336 782 449 845 rerum,
473 783 530 843 qua
553 769 668 824 constet
690 769 805 842 compta
828 763 929 841 figura.
1071 773 1111 816 ooo

106 861 161 912 940
223 854 281 915 Sed
305 854 444 932 quoniam
466 852 554 912 docui
576 851 754 911 solidissima
776 851 910 911 materiai

180 958 302 1022 corpora
324 947 468 1019 perpetuo
491 939 613 999 volitare
635 941 742 999 invicta
765 957 819 1018 per
840 955 954 1018 aevom,

179 1046 348 1109 numago,
371 1031 496 1091 summai
519 1026 661 1106 quaedam
685 1028 725 1087 sit
746 1027 814 1086 linis
837 1043 952 1106 eorum,
1069 1076 1071 1080 ,

131 1148 136 1154 ·
179 1136 273 1179 necue
297 1119 348 1198 sit,
371 1115 550 1176 evolvamus:
572 1117 644 1174 item
668 1114 745 1193 quod
768 1117 855 1175 inane
877 1119 1056 1192 repertumst

107 1213 165 1266 955
181 1223 235 1266 seu
252 1205 334 1265 locus
353 1223 388 1265 ac
406 1206 543 1283 spatium,
565 1220 614 1263 res
633 1203 665 1262 iu
683 1221 741 1281 quo
760 1220 892 1281 quaeque
911 1206 1058 1280 gerantur,
1071 1212 1111 1254 90

108 1301 163 1352 950
180 1293 385 1375 pervideamus
408 1299 507 1352 utrum
531 1292 647 1351 linitum
670 1289 801 1350 limditus
824 1308 910 1350 omne

181 1387 308 1463 constet,
330 1399 368 1442 an
391 1382 568 1441 immensum
590 1384 688 1457 pateat
709 1384 848 1457 vasteque
871 1376 1057 1458 prolundum.

226 1469 319 1530 Omne
342 1469 422 1548 quod
445 1475 490 1529 est
511 1468 602 1546 igitur
624 1466 704 1527 nulla
726 1469 846 1545 regione
868 1468 980 1526 riarum

182 1559 339 1618 finitumst:
362 1574 489 1635 namque
512 1562 678 1616 extremum
700 1552 825 1615 debebat
847 1553 968 1615 hahere:

110 1653 167 1706 900
181 1652 345 1707 extremum
367 1662 456 1723 porro
479 1643 589 1704 nullius
611 1661 699 1722 posse
721 1643 837 1703 ridetur
1074 1651 1114 1692 900

110 1741 164 1792 oto
183 1751 262 1814 esse,
284 1734 344 1794 uisi
366 1732 443 1792 ultra
467 1734 506 1792 sit
529 1731 604 1810 quod
630 1732 724 1810 liniat3
747 1737 780 1790 ut
801 1729 934 1790 videatur

183 1840 241 1900 quo
263 1839 323 1881 0οο
346 1819 463 1899 lougius
486 1818 558 1880 haec
581 1836 686 1879 seusus
708 1823 812 1878 natura
836 1823 983 1896 sequatur.

183 1926 262 1969 nunc
284 1914 367 1969 extra
386 1925 529 1968 summam
553 1909 690 1986 quoniam
712 1904 754 1966 nil
777 1923 843 1965 esse
866 1903 1028 1983 latendum,

184 2014 243 2057 non
266 1995 355 2057 habet
377 2003 554 2075 extremum,
578 2001 658 2054 caret
681 2011 750 2071 ergo
775 1994 832 2054 fine
854 1993 1008 2071 modoque.

112 2089 168 2144 900
183 2102 240 2145 nec
262 2084 353 2144 refert
376 2082 484 2162 quihus
507 2082 631 2143 adsistas
653 2080 823 2160 regionibus
846 2083 923 2141 eius:
1076 2090 1115 2132 900

113 2180 166 2231 900
184 2189 279 2251 usquc
307 2171 393 2252 adeo,
421 2189 509 2249 quem
528 2172 652 2249 quisque
675 2168 772 2229 locum
794 2168 938 2248 possedit,
965 2170 996 2227 in
1020 2169 1115 2228 omnis

184 2260 357 2321 tantundem
378 2261 472 2339 partis
494 2258 641 2318 infinitum
664 2274 750 2316 omne
774 2255 922 2334 relinquit.

185 2354 337 2428 praeterea
361 2349 388 2407 si
409 2349 468 2407 iam
490 2346 606 2406 finitum
629 2346 826 2405 constituatur

186 2453 273 2496 omne
297 2436 375 2514 quod
398 2441 444 2495 est
466 2436 606 2514 spatium,
629 2434 723 2511 siquis
745 2436 901 2510 procurrat
923 2430 959 2491 ad
982 2448 1048 2492 oras

114 2530 172 2583 970
187 2524 308 2585 ultimus
332 2529 479 2584 extremas
501 2523 645 2600 iaciatque
668 2519 783 2580 volatile
801 2518 907 2599 telum,
1077 2531 1117 2572 sao

115 2611 217 2672 totid
240 2611 343 2672 validis
366 2617 466 2671 utrum
489 2616 655 2670 contortum
677 2607 789 2668 viribus
812 2609 857 2667 ire

188 2717 246 2778 quo
269 2700 358 2760 luerit
380 2700 504 2758 missum
526 2700 618 2758 maris
640 2696 785 2775 longeque
807 2694 919 2775 volare,

188 2805 226 2847 an
247 2785 404 2866 prohibere
427 2784 536 2864 aliquid
560 2803 664 2846 censes
688 2784 864 2862 obstareque
886 2777 996 2862 posse?

188 2875 363 2935 alterutrum
385 2874 504 2934 fatearis
527 2875 606 2933 enim
629 2890 786 2952 sumasque
809 2877 969 2931 necessest.

117 2971 174 3024 976
187 2980 314 3042 quorum
335 2969 493 3040 utrumque
515 2959 572 3021 tibi
594 2961 734 3040 effugium
751 2959 914 3039 praecludit
932 2964 962 3019 et
980 2975 1066 3019 omne
1080 2967 1121 3010 ⁹⁷⁶

116 3059 171 3110 970
189 3053 267 3130 cogit
289 3057 322 3110 ut
345 3056 480 3127 exempta
502 3048 645 3109 concedas
668 3049 726 3108 fine
748 3054 858 3127 patere.

188 3156 257 3200 nam
280 3140 341 3199 sive
364 3143 411 3198 est
433 3136 542 3215 aliquid
565 3135 642 3215 quod
665 3135 787 3214 probeat
810 3135 974 3212 efficiatque

191 3245 249 3307 quo
271 3225 361 3286 miuu'
384 3242 442 3303 quo
465 3225 619 3284 missumst
640 3225 738 3284 veniat
760 3224 869 3301 finique
892 3221 969 3282 locet
992 3238 1039 3300 se,

191 3317 252 3376 sire
274 3315 354 3375 foras
377 3313 484 3393 lertur,
506 3329 566 3372 000
589 3319 634 3372 est
656 3329 673 3370 a
695 3312 753 3371 line
774 3310 947 3389 profectum.

119 3401 245 3463 980hoc
267 3409 352 3482 pacto
375 3419 482 3481 sequar
505 3406 605 3479 atque,
628 3416 694 3459 oras
717 3397 895 3477 ubicumque
917 3397 1024 3457 locaris
1082 3409 1122 3449 99)

119 3497 172 3549 970
191 3497 350 3571 extremas,
373 3507 512 3568 quaeram
535 3486 606 3566 quid
628 3486 687 3547 telo
711 3487 838 3566 denique
861 3487 921 3545 liat.
