2430 3878
555 143 1066 240 1-'5

128 327 252 400 propter
274 325 436 398 egestatem
457 319 575 398 linguae
598 327 629 382 et
650 339 751 382 rerum
773 323 946 384 novitatem:

54 415 112 467 140
128 408 181 470 sed
203 416 254 470 tua
277 425 325 468 me
347 410 441 468 virtus
464 415 563 469 tamen
587 416 617 470 et
640 416 756 488 sperata
779 409 912 490 voluptas
1026 425 1066 466 uo

56 502 109 554 ist
129 499 227 559 suavis
251 498 397 557 amicitiae
421 498 554 575 quemvis
577 497 683 558 efferre
705 497 836 559 laborem
1049 519 1051 523 ¹

130 585 234 646 suadet
257 590 287 645 et
308 584 424 646 inducit
445 593 548 647 noctes
572 585 692 664 vigilare
716 604 848 668 serenas,

130 679 322 754 quaerentem
345 671 432 734 dictis
456 673 563 753 quibus
587 681 617 735 et
640 693 698 754 quo
719 677 852 735 carmine
876 674 995 735 demum

129 760 208 823 clara
231 768 299 823 tuae
320 763 433 841 possim
455 762 657 841 praepandere
680 763 791 824 lumina
813 765 920 844 menti,

55 855 111 908 145
128 868 178 912 res
201 849 310 930 quibus
334 848 464 910 occultas
489 852 607 929 penitus
631 854 782 912 convisere
804 848 940 932 possisfl
1026 846 1065 906 us

57 943 111 994 140
173 937 258 1000 Hunc
281 939 373 1016 igitur
394 945 541 999 terrorem
563 941 655 999 animi
677 939 873 1019 tenebrasque
897 946 1049 1001 necessest

128 1044 190 1088 non
212 1025 288 1088 radii
312 1025 382 1087 solis
405 1044 501 1105 neque
524 1026 622 1088 lucida
645 1027 703 1088 tela
726 1028 786 1088 diei

130 1115 304 1196 discutiant,
327 1113 380 1175 sed
402 1121 525 1176 naturae
547 1117 664 1194 species
686 1118 828 1195 ratioque.

127 1205 310 1283 principium
333 1205 418 1264 cuius
440 1203 510 1264 binc
532 1203 619 1267 nobis
643 1204 763 1264 exordia
787 1212 897 1286 sumet,

54 1299 112 1350 150
128 1291 240 1354 nuliam
261 1309 326 1352 rem
348 1309 365 1352 e
388 1291 449 1351 nilo
471 1294 553 1370 gigni
576 1292 717 1354 divinitus
740 1311 888 1371 umquam.

55 1386 109 1437 146
130 1383 240 1460 quippe
262 1381 304 1441 ita
327 1379 453 1440 formido
475 1379 609 1440 mortalis
632 1383 765 1442 continet
787 1384 898 1463 omnis,

129 1468 208 1548 quod
230 1467 323 1529 multa
346 1470 378 1528 in
400 1470 490 1528 terris
512 1469 579 1529 fieri
601 1468 741 1548 caeloque
765 1477 899 1552 tuentur,

130 1575 257 1637 quorum
280 1575 404 1636 operum
427 1574 531 1617 causas
549 1557 628 1618 nulla
651 1560 766 1618 ratione
788 1558 889 1619 videre

128 1651 255 1726 possunt
278 1663 312 1706 ac
334 1645 401 1705 fleri
423 1644 522 1705 divino
544 1648 667 1706 numine
689 1654 801 1708 rentur.

53 1738 112 1792 165
129 1752 202 1814 quas
225 1731 263 1794 ob
286 1751 336 1794 res
359 1732 412 1794 ubi
433 1732 594 1795 viderimus
617 1733 660 1795 nii
682 1752 769 1814 posse
793 1737 889 1797 creari
1027 1748 1066 1791 aas

56 1828 111 1879 150
129 1823 166 1884 de
189 1821 264 1903 nilo,
286 1828 351 1883 tum
371 1821 453 1901 quod
476 1825 628 1901 sequimur
649 1825 708 1883 iam
731 1826 842 1885 rectius
864 1823 933 1884 inde

128 1912 354 1991 perspiciemus,
377 1915 407 1970 et
429 1910 509 1971 unde
532 1918 620 1990 queat
641 1929 691 1972 res
715 1930 848 1991 quaeque
872 1914 968 1973 creari

129 2006 161 2061 et
182 2016 241 2078 quo
265 2016 398 2078 quaeque
421 1998 508 2059 modo
531 1999 603 2060 fiant
626 2017 715 2078 opera
738 2002 803 2061 sine
826 2000 932 2061 divom.
1027 2013 1066 2055 us

173 2086 248 2148 Nam
271 2089 298 2147 si
321 2086 357 2147 de
380 2085 442 2147 nilo
464 2087 584 2168 flerent,
607 2106 643 2149 ex
665 2087 794 2149 omnibu’
817 2089 907 2150 rebus

56 2181 116 2234 160
131 2193 219 2236 omne
242 2192 336 2254 genus
359 2177 442 2236 nasci
463 2182 577 2256 posset,
599 2175 642 2236 nil
665 2178 777 2236 semine
799 2183 909 2254 egeret.
1027 2190 1067 2231 rso

56 2269 112 2322 155
130 2283 147 2326 e
169 2281 251 2325 mare
273 2265 402 2343 primum
424 2263 573 2344 homines,
596 2281 612 2323 e
635 2270 715 2324 terra
737 2270 839 2343 posset
860 2265 934 2324 oriri

131 2353 352 2432 squamigerum
374 2369 468 2430 genus
491 2358 521 2413 et
543 2350 678 2412 volucres
701 2370 858 2432 erumpere
881 2352 975 2435 eaelo;

131 2448 263 2502 armenta
286 2446 374 2519 atque
398 2439 471 2501 aliae
494 2440 637 2521 pecudes,
659 2458 753 2520 genus
777 2459 862 2502 omne
885 2441 1028 2524 ferarum,

130 2531 246 2591 incerto
268 2535 356 2608 partu
377 2528 456 2590 culta
480 2547 514 2590 ac
537 2528 655 2589 deserta
677 2536 821 2592 tenerent.

56 2621 114 2674 166
130 2636 186 2678 nee
209 2617 325 2683 fruetus
347 2615 427 2678 idem
449 2616 604 2678 arboribus
628 2625 762 2680 constare
785 2618 929 2700 solerent,
1028 2632 1067 2674 1⁶⁵

58 2711 112 2763 ito
131 2705 184 2766 sed
207 2712 406 2786 mutarentur,
430 2705 508 2767 ferre
530 2724 634 2766 omnes
657 2710 754 2768 omnia
776 2715 907 2787 possent.

132 2796 256 2876 quippe,
277 2792 331 2855 ubi
352 2811 413 2855 non
435 2802 536 2855 essent
559 2794 697 2873 genitalia
718 2813 843 2874 corpora
866 2797 986 2876 cuique,

131 2885 183 2962 qui
206 2888 309 2962 posset
330 2889 425 2943 mater
447 2881 537 2943 rebus
561 2885 723 2943 consistere
746 2879 848 2944 certa?

131 2977 161 3032 at
183 2989 263 3033 nunc
285 2969 449 3032 seminibus
472 2973 541 3048 quia
563 2973 655 3033 certis
677 2989 811 3051 quaeque
833 2977 985 3053 creantur,

58 3066 115 3118 170
129 3058 200 3120 inde
223 3061 373 3121 enascitur
395 3064 483 3137 atque
507 3077 573 3119 oras
597 3061 628 3120 in
649 3059 770 3120 luminis
793 3061 867 3140 exit,
1028 3074 1068 3115 iro

58 3152 111 3204 166
130 3150 270 3209 materies
292 3146 344 3209 ubi
366 3149 445 3208 inest
467 3149 610 3227 cuiusque
634 3154 664 3208 et
686 3165 810 3227 corpora
833 3149 940 3230 prima3

130 3242 219 3316 atque
242 3236 297 3297 bac
319 3254 352 3296 re
375 3242 527 3314 nequeunt
549 3255 586 3296 ex
609 3235 745 3297 omnibus
769 3238 867 3297 omnia
890 3239 984 3318 gigni,

130 3324 210 3404 quod
233 3326 323 3386 certis
346 3326 378 3386 in
401 3324 491 3386 rebus
514 3326 593 3385 inest
616 3332 731 3385 secreta
753 3325 885 3386 facultas.

129 3419 284 3493 practerea
306 3431 360 3474 cur
382 3431 452 3474 vere
476 3430 586 3494 rosam,
610 3413 756 3474 frumenta
780 3415 890 3496 calore,

56 3508 114 3562 176
131 3519 202 3565 uras
224 3509 364 3565 autumno
386 3501 472 3564 iundi
495 3501 641 3566 suadente
662 3502 821 3589 vibemus,
1040 3510 1088 3549 us
