2430 3878
549 208 590 263 ΠΙ
1031 211 1071 275 81

139 374 214 436 quos
237 364 303 417 ante
326 357 481 416 innervis
505 363 534 417 et
557 359 588 417 in
611 359 676 436 ipso
700 376 823 437 corpore
847 358 957 438 agebat.
1034 379 1074 423 aas

139 463 230 524 quare
253 447 342 505 etiam
365 451 451 523 atque
475 447 564 505 etiam
586 445 716 506 resoluto
741 450 873 525 corporis
897 449 977 508 omni

63 550 119 600 5⁷5
137 535 268 611 tegmine
291 539 321 592 et
344 534 447 592 eiectis
470 539 552 592 extra
575 534 712 594 vitalibus
737 538 815 595 auris

138 619 262 681 dissolui
285 637 391 680 sensus
415 622 505 680 animi
527 621 636 682 fateare
660 630 812 684 necessest

138 716 227 788 atque
250 709 390 787 animam,
413 710 551 786 quoniam
574 712 757 771 coniunctast
780 729 868 771 causa
891 711 1013 772 duobus.

183 797 315 875 Denique
339 815 407 856 cum
430 815 537 875 corpus
560 804 688 876 nequeat
709 799 843 877 perferre
867 801 975 859 animai
1033 820 1073 863 seo

139 885 309 965 discidium,
333 886 405 963 quin
427 887 458 944 in
481 891 575 945 taetro
598 885 728 947 tabescat
751 887 854 967 odore,

64 991 118 1041 680
139 973 210 1052 quid
234 971 351 1033 dubitas
374 975 447 1050 quin
469 991 506 1033 eu
529 975 588 1032 imo
610 976 788 1053 penitusque
811 982 910 1035 coorta

139 1063 283 1121 emanarit
304 1063 349 1120 uti
372 1061 470 1120 lumus
493 1060 600 1122 diffusa
623 1064 736 1122 animae
758 1064 817 1143 vis,

139 1157 227 1228 atque
249 1149 316 1209 ideo
339 1155 420 1208 tanta
442 1155 587 1209 mutatum
609 1157 696 1228 putre
719 1153 803 1211 ruina

138 1237 301 1298 conciderit
324 1254 445 1316 corpus,
468 1238 587 1316 penitus
611 1240 680 1316 quia
703 1246 781 1298 mota
803 1238 868 1299 loco
892 1245 962 1299 sunt
1032 1261 1072 1303 ses

138 1325 339 1404 fundamenta,
362 1325 440 1385 foras
463 1332 600 1385 manante
624 1328 720 1386 anima
742 1345 838 1406 usque
861 1345 915 1406 per
937 1335 1018 1388 artus

62 1431 118 1481 585
137 1431 251 1492 perque
274 1415 387 1473 viarum
411 1415 507 1473 omnis
530 1413 639 1493 flexus,
662 1416 693 1474 in
717 1433 840 1494 corpore
865 1417 916 1494 qui
939 1423 1020 1495 sunt,

138 1508 226 1580 atque
250 1497 413 1561 foramina?
448 1499 630 1561 multimodis
652 1508 686 1562 ut
707 1520 830 1563 noscere
853 1505 950 1582 possis

139 1590 323 1667 dispertitam
346 1590 459 1648 animae
483 1596 617 1649 naturam
641 1593 738 1650 exisse
760 1609 814 1669 per
837 1598 919 1652 artus

138 1684 169 1737 et
189 1679 272 1754 prius
296 1694 362 1736 esse
386 1675 443 1735 sibi
466 1677 635 1738 distractam
659 1697 783 1757 corpore
806 1681 837 1739 in
860 1681 939 1762 ipso,
1032 1701 1072 1743 ooo

137 1782 226 1844 quam
247 1763 382 1843 prolapsa
405 1763 484 1824 foras
507 1772 610 1826 enaret
632 1768 662 1826 in
685 1769 763 1826 aeris
785 1785 880 1828 auras.

62 1872 119 1920 590
137 1846 147 1936 ll
162 1855 234 1932 quin
256 1854 344 1912 etiam
367 1853 435 1912 linis
459 1853 528 1913 dum
550 1856 627 1914 vitae
650 1857 775 1915 vertitur
798 1857 888 1935 intra,

138 1958 225 2019 saepe
249 1941 344 2019 aliqua
366 1946 464 2000 tamen
488 1959 504 2001 e
528 1960 614 2002 causa
637 1941 777 2002 labefacta
800 1943 916 2004 videtur

136 2031 181 2089 ire
205 2030 301 2089 anima
324 2047 358 2088 ac
380 2034 441 2088 toto
466 2029 541 2088 solui
564 2029 599 2089 de
624 2048 747 2108 corpore
769 2027 855 2111 velle,

137 2124 168 2178 et
191 2119 275 2195 quasi
298 2135 435 2195 supremo
460 2116 649 2194 languescere
671 2125 804 2196 tempore
827 2118 936 2197 voltus,
1031 2140 1069 2182 ses

136 2204 293 2284 molliaque
318 2207 460 2282 exsangui
483 2204 588 2264 cadere
614 2208 711 2265 omnia
733 2222 855 2284 corpore
876 2205 1016 2266 membra.

60 2311 117 2362 595
138 2293 216 2373 quod
239 2311 332 2371 genus
356 2301 415 2372 est,
438 2295 536 2353 animo
559 2292 635 2353 male
659 2294 767 2354 lactum
791 2313 857 2353 cum
879 2293 1052 2372 perhibetur

137 2388 188 2442 aut
210 2384 337 2442 animam
360 2380 494 2461 liquisse3
518 2381 569 2442 ubi
593 2384 651 2441 iam
674 2381 839 2460 trepidatur
861 2388 891 2442 et
913 2400 1016 2443 omnes

138 2476 302 2530 extremum
325 2471 449 2547 cupiunt
472 2471 548 2530 vitae
571 2469 789 2547 reprehendere
812 2469 953 2531 vinclum:

137 2565 351 2636 conquassatur
374 2559 454 2616 enim
476 2565 539 2617 tum
562 2576 647 2618 mens
670 2561 841 2637 animaeque
864 2565 994 2637 potestas
1030 2580 1070 2621 coo

136 2649 246 2725 omnis,
270 2645 394 2705 ethaeo
417 2647 482 2723 ipso
506 2665 573 2705 cum
596 2664 719 2725 corpore
743 2646 952 2727 conlabetiunt3

61 2750 116 2800 600
135 2740 169 2794 ut
192 2736 307 2812 gravior
329 2732 416 2812 paulo
439 2735 533 2811 possit
556 2733 717 2794 dissolvere
741 2753 835 2794 causa.

136 2822 208 2899 quid
231 2821 347 2881 dubitas
372 2821 489 2881 tandem
513 2822 584 2899 quin
607 2828 689 2881 extra
710 2822 826 2899 prodita
850 2839 968 2900 corpus>

134 2908 273 2969 inbecilla
296 2910 388 2989 foras,
411 2911 443 2967 in
466 2916 581 2989 aperto,
604 2911 733 2987 tegmine
757 2909 890 2988 dempto,

134 3015 195 3057 non
217 2997 304 3057 modo
328 3015 387 3057 non
411 3014 528 3055 omnem
550 2999 645 3075 possit
668 2997 774 3057 durare
797 3015 852 3075 per
874 3015 987 3075 aevom,
1031 3018 1070 3059 cos

136 3086 187 3146 sed
215 3087 371 3145 minimum
400 3084 522 3163 quodvis
550 3093 677 3163 nequeat
701 3087 864 3145 consistere
887 3080 1026 3162 tempus?
1043 3082 1053 3164 ΙΙ

61 3190 115 3240 605
135 3193 190 3235 nec
214 3173 273 3235 sibi
295 3176 375 3234 enim
399 3175 554 3252 quisquam
576 3175 706 3233 moriens
731 3175 842 3232 sentire
866 3172 982 3232 videtur

134 3265 179 3322 ire
203 3263 282 3322 loras
305 3265 432 3322 animam
455 3260 632 3321 incolumem
656 3261 691 3320 de
716 3278 840 3339 corpore
863 3267 939 3340 toto,

135 3369 191 3411 nec
213 3352 298 3429 prius
321 3350 356 3410 ad
380 3350 513 3427 iugulum
537 3357 566 3409 et
588 3367 711 3427 superas
735 3349 894 3410 succedere
917 3350 1030 3429 fauces,

133 3457 237 3499 verum
260 3439 386 3499 deficere
409 3441 441 3497 in
464 3443 543 3497 certa
566 3440 685 3514 regione
709 3437 846 3518 locatam3
1030 3459 1069 3500 ero

133 3533 167 3587 ut
188 3544 294 3587 sensus
317 3525 391 3586 alios
413 3529 445 3587 in
467 3527 547 3607 parti
569 3543 719 3608 quemque
742 3528 883 3589 suescit

100 3635 247 3676 firmamus.
260 3635 296 3677 ed.
311 3637 444 3690 Brleger.
864 3634 884 3682 u
