2430 3878
557 203 570 257 1

130 349 269 431 gentibus
290 349 427 411 humanis
450 352 532 428 regio
555 349 734 428 visendaque
758 350 864 431 iertur,

132 439 222 500 rebus
246 439 343 518 opima
364 438 465 519 bonis,
488 437 577 498 multa
600 440 713 518 munita
736 440 830 498 virum
852 439 895 518 vi,

132 527 175 588 nil
196 532 294 587 tamen
316 525 373 586 hoc
395 525 533 586 habuisse
557 528 619 585 viro
642 525 822 605 praeclarius
845 528 876 585 in
899 543 932 585 se

53 623 116 674 730
133 633 188 676 nec
211 620 344 674 sanctum
367 616 459 692 magis
483 621 512 674 et
534 616 643 674 mirum
666 631 824 692 carumque
847 613 970 673 videtur.
1025 627 1064 667 ⁷³⁰

56 711 113 761 '125
134 704 263 763 carmina
286 703 358 780 quin
382 703 470 761 etiam
494 701 585 761 divini
606 703 736 780 pectoris
759 704 823 761 eius

135 790 332 850 vociferantur
355 797 385 848 et
408 797 558 868 exponunt
579 789 728 869 praeclara
751 795 880 870 reperta,

134 880 235 939 utrix
258 878 384 938 humana
406 876 539 937 rideatur
563 879 653 957 stirpe
678 884 801 937 creatus.

176 965 231 1026 Hic
253 972 352 1026 tamen
374 971 404 1025 et
427 982 514 1044 supra
538 983 611 1043 quos
635 965 762 1025 diximus
784 965 941 1024 inferiores

59 1063 116 1115 735
134 1052 267 1134 partibus
291 1055 408 1132 egregie
431 1052 532 1113 multis
555 1052 705 1131 multoque
728 1055 870 1132 minores,
1025 1065 1064 1106 aaa

60 1151 115 1201 700
134 1159 309 1221 quamquam
331 1140 423 1201 multa
446 1140 521 1201 bene
545 1159 578 1201 ac
601 1140 740 1199 divinitus
763 1142 945 1200 invenientes

134 1248 169 1290 ex
192 1229 277 1308 adyto
300 1236 449 1307 tamquam
472 1228 570 1289 cordis
593 1245 734 1307 responsa
757 1227 864 1287 dedere

134 1320 264 1378 sanctius
287 1325 317 1377 et
339 1316 432 1377 multo
454 1324 535 1376 certa
558 1318 670 1376 ratione
694 1317 786 1394 magis
810 1333 897 1394 quam

134 1405 237 1484 Pythia
260 1422 334 1483 quae
356 1404 467 1482 tripodi
490 1423 506 1464 a
528 1403 639 1464 Phoebi
662 1403 803 1482 lauroque
826 1405 972 1485 profatur,

60 1501 119 1552 740
134 1494 290 1572 principiis
311 1499 410 1553 tamen
433 1494 464 1551 in
487 1510 587 1552 rerum
612 1492 707 1552 iecere
730 1494 831 1552 ruinas
1025 1507 1064 1546 reo

62 1588 116 1640 705
134 1588 164 1641 et
186 1583 314 1659 graviter
336 1582 434 1658 magni
456 1597 561 1658 magno
584 1579 717 1640 cecidere
741 1579 783 1640 ibi
805 1598 888 1661 casu3

133 1671 262 1748 primum
285 1667 364 1747 quod
386 1674 483 1728 motus
506 1675 641 1746 exempto
664 1667 753 1728 rebus
776 1670 856 1727 inani

135 1759 317 1816 constituunt
338 1762 369 1815 et
390 1773 439 1816 res
461 1755 557 1815 mollis
579 1773 718 1834 rarasque
741 1755 910 1834 relinquent

134 1849 202 1904 atra
224 1861 322 1904 rorem
344 1845 442 1921 ignem
466 1849 560 1904 terras
584 1843 718 1904 animalia
741 1844 833 1922 frugis

61 1940 119 1992 745
134 1950 190 1992 nec
211 1939 310 1992 tamen
333 1931 496 1991 admiscent
517 1933 549 1991 in
572 1949 673 1991 eorum
696 1948 803 2011 corpus
826 1933 925 2011 inane3
1025 1944 1063 1984 ⁷4⁵

62 2029 116 2079 740
135 2019 241 2080 deinde
264 2019 341 2098 quod
365 2021 483 2078 omnino
507 2020 594 2079 finem
617 2037 677 2079 non
699 2037 765 2080 esse
789 2020 922 2079 secandis

135 2107 308 2186 corporibus
331 2107 442 2167 iaciunt
464 2124 559 2186 neque
582 2125 702 2186 pausam
727 2113 804 2166 stare
828 2107 936 2185 fragori

135 2213 191 2256 nec
213 2212 350 2274 prorsum
373 2197 405 2254 in
427 2193 517 2255 rebus
540 2196 695 2255 minimum
714 2197 874 2254 consistere
894 2197 1063 2277 quicquam3

135 2301 203 2344 cum
225 2283 376 2342 rideamus
398 2281 428 2342 id
452 2290 615 2343 extremum
638 2285 781 2360 cuiusque
806 2300 945 2342 cacumen

62 2378 119 2431 750
136 2389 201 2431 esse
222 2371 301 2449 quod
319 2371 355 2431 ad
374 2388 479 2430 sensus
497 2377 614 2431 nostros
632 2372 787 2430 minimum
804 2388 869 2430 esse
887 2369 1011 2450 videtur,
1025 2384 1064 2424 aco

62 2466 116 2517 745
135 2460 270 2519 conicere
293 2465 326 2518 ut
347 2459 444 2537 possis
468 2476 504 2518 ex
525 2459 594 2539 hoe,
617 2476 690 2536 quae
714 2476 835 2518 cernere
858 2476 918 2518 non
941 2461 1006 2536 quis

136 2553 300 2607 extremum
323 2544 400 2624 quod
422 2544 543 2627 hahent,
566 2547 721 2606 minimum
743 2548 905 2607 consistere
927 2564 1001 2608 oere.

134 2634 193 2695 huc
216 2634 328 2695 accedit
350 2636 434 2714 item,
458 2636 595 2712 quoniam
617 2634 777 2714 primordia
800 2653 900 2695 rerum

135 2722 234 2783 mollia
257 2724 451 2802 constituunt,
475 2740 549 2800 quae
571 2740 626 2782 nos
648 2725 744 2782 nativa
766 2723 899 2783 videmus

63 2817 118 2869 755
135 2828 201 2871 esse
225 2816 254 2871 et
275 2809 392 2870 mortali
415 2827 482 2870 eum
506 2828 642 2891 corpore,
665 2810 796 2871 funditus
818 2813 903 2889 utqui
1025 2821 1063 2861 ⁷⁵⁵

64 2906 117 2957 750
136 2897 241 2959 debeat
262 2898 297 2958 ad
320 2897 413 2957 nilum
436 2899 495 2958 iam
517 2916 618 2959 rerum
641 2916 753 2959 summa
776 2900 883 2958 reverti

135 2986 171 3047 de
194 2985 313 3065 niloque
336 2993 438 3047 renata
459 2987 609 3063 vigescere
636 2989 719 3066 copia
741 3003 854 3066 rerum3

136 3092 261 3153 quorum
283 3080 441 3152 utrumque
465 3073 535 3152 quid
558 3093 574 3135 a
596 3092 665 3134 vcro
688 3077 746 3134 iam
769 3073 858 3134 distet
879 3071 1009 3132 habebis.

135 3161 241 3222 deinde
263 3164 383 3222 inimica
405 3161 500 3223 modis
523 3161 623 3222 multis
646 3168 713 3222 sunt
736 3168 823 3240 atque
846 3178 958 3221 veneno
1117 3236 1126 3249 „

62 3257 120 3308 700
136 3252 200 3328 ipsa
222 3250 280 3310 sibi
301 3252 380 3310 inter
402 3268 447 3330 se3
471 3266 561 3327 quare
584 3257 634 3310 aut
656 3267 812 3327 congressa
834 3249 974 3328 peribunt
1026 3263 1066 3302 roo

61 3347 115 3396 755
135 3345 186 3399 aut
207 3340 248 3398 ita
271 3336 425 3416 diffugient
447 3344 480 3398 ut
502 3344 674 3416 tempestate
698 3344 797 3398 coacta

134 3425 257 3487 fulmina
279 3425 421 3504 diffugere
445 3432 532 3504 atque
555 3425 659 3486 imbris
682 3433 840 3505 ventosque
863 3425 1005 3486 videmus.

135 3513 262 3593 denique
285 3521 422 3592 quattuor
445 3533 481 3576 ex
503 3513 594 3577 rebus
617 3516 646 3576 si
668 3521 776 3578 cuncta
796 3521 936 3576 creantur
