<?xml version="1.0" encoding="UTF-8"?>
<!DOCTYPE html PUBLIC "-//W3C//DTD XHTML 1.0 Transitional//EN"
    "http://www.w3.org/TR/xhtml1/DTD/xhtml1-transitional.dtd">
<html xmlns="http://www.w3.org/1999/xhtml" xml:lang="en" lang="en">
 <head>
  <title>
</title>
<meta http-equiv="Content-Type" content="text/html;charset=utf-8" />
  <meta name='ocr-system' content='tesseract 3.04.00' />
  <meta name='ocr-capabilities' content='ocr_page ocr_carea ocr_par ocr_line ocrx_word'/>
</head>
<body>
  <div class='ocr_page' id='page_1' title='image "./tlucreticarider01carugoog_0038.png"; bbox 0 0 2430 3878; ppageno 0'>
   <div class='ocr_carea' id='block_1_1' title="bbox 426 210 1072 267">
    <p class='ocr_par' dir='ltr' id='par_1_1' title="bbox 426 210 1072 267">
     <span class='ocr_line' id='line_1_1' title="bbox 426 210 1072 267; baseline 0 -3"><span class='ocrx_word' id='word_1_1' title='bbox 426 210 707 267; x_wconf 82' lang='lat' dir='ltr'><strong>PROLEGOMENA.</strong></span> <span class='ocrx_word' id='word_1_2' title='bbox 955 211 1072 266; x_wconf 87' lang='lat' dir='ltr'>XXXIII</span> 
     </span>
    </p>
   </div>
   <div class='ocr_carea' id='block_1_2' title="bbox 62 358 1073 881">
    <p class='ocr_par' dir='ltr' id='par_1_2' title="bbox 62 358 1073 881">
     <span class='ocr_line' id='line_1_2' title="bbox 62 358 1072 438; baseline 0 -19"><span class='ocrx_word' id='word_1_3' title='bbox 62 367 94 420; x_wconf 85' lang='lat' dir='ltr'>et</span> <span class='ocrx_word' id='word_1_4' title='bbox 113 377 174 419; x_wconf 91' lang='lat' dir='ltr'>non</span> <span class='ocrx_word' id='word_1_5' title='bbox 193 358 454 419; x_wconf 88' lang='lat' dir='ltr'>assimilationibus</span> <span class='ocrx_word' id='word_1_6' title='bbox 473 359 646 438; x_wconf 87' lang='lat' dir='ltr'>plerumque</span> <span class='ocrx_word' id='word_1_7' title='bbox 666 367 784 420; x_wconf 87' lang='lat' dir='ltr'>secutus</span> <span class='ocrx_word' id='word_1_8' title='bbox 807 378 879 419; x_wconf 89' lang='lat' dir='ltr'>sum.</span> <span class='ocrx_word' id='word_1_9' title='bbox 921 361 951 420; x_wconf 94' lang='lat' dir='ltr'>id</span> <span class='ocrx_word' id='word_1_10' title='bbox 974 367 1072 420; x_wconf 89' lang='lat' dir='ltr'>tamen</span> 
     </span>
     <span class='ocr_line' id='line_1_3' title="bbox 63 447 1073 529; baseline 0 -21"><span class='ocrx_word' id='word_1_11' title='bbox 63 448 138 508; x_wconf 92' lang='lat' dir='ltr'>mihi</span> <span class='ocrx_word' id='word_1_12' title='bbox 165 447 323 508; x_wconf 89' lang='lat' dir='ltr'>videndum</span> <span class='ocrx_word' id='word_1_13' title='bbox 346 450 525 528; x_wconf 83' lang='lat' dir='ltr'>existimavi,</span> <span class='ocrx_word' id='word_1_14' title='bbox 552 467 591 508; x_wconf 89' lang='lat' dir='ltr'>ne</span> <span class='ocrx_word' id='word_1_15' title='bbox 616 466 732 528; x_wconf 88' lang='lat' dir='ltr'>eorum,</span> <span class='ocrx_word' id='word_1_16' title='bbox 762 451 812 527; x_wconf 94' lang='lat' dir='ltr'>qui</span> <span class='ocrx_word' id='word_1_17' title='bbox 834 448 941 508; x_wconf 92' lang='lat' dir='ltr'>lecturi</span> <span class='ocrx_word' id='word_1_18' title='bbox 964 456 1073 529; x_wconf 81' lang='lat' dir='ltr'>essent,</span> 
     </span>
     <span class='ocr_line' id='line_1_4' title="bbox 63 535 1072 617; baseline 0.001 -21"><span class='ocrx_word' id='word_1_19' title='bbox 63 554 134 615; x_wconf 89' lang='lat' dir='ltr'>pars</span> <span class='ocrx_word' id='word_1_20' title='bbox 166 535 252 595; x_wconf 85' lang='lat' dir='ltr'>lacile</span> <span class='ocrx_word' id='word_1_21' title='bbox 284 538 391 617; x_wconf 90' lang='lat' dir='ltr'>maior,</span> <span class='ocrx_word' id='word_1_22' title='bbox 421 554 522 596; x_wconf 92' lang='lat' dir='ltr'>omnes</span> <span class='ocrx_word' id='word_1_23' title='bbox 554 537 703 617; x_wconf 81' lang='lat' dir='ltr'>videlicet,</span> <span class='ocrx_word' id='word_1_24' title='bbox 734 539 797 617; x_wconf 91' lang='lat' dir='ltr'>qui,</span> <span class='ocrx_word' id='word_1_25' title='bbox 827 556 894 597; x_wconf 90' lang='lat' dir='ltr'>cum</span> <span class='ocrx_word' id='word_1_26' title='bbox 927 540 1072 597; x_wconf 91' lang='lat' dir='ltr'>sermonis</span> 
     </span>
     <span class='ocr_line' id='line_1_5' title="bbox 63 624 1073 705; baseline 0.002 -22"><span class='ocrx_word' id='word_1_27' title='bbox 63 624 149 684; x_wconf 88' lang='lat' dir='ltr'>latini</span> <span class='ocrx_word' id='word_1_28' title='bbox 168 626 239 684; x_wconf 86' lang='lat' dir='ltr'>satis</span> <span class='ocrx_word' id='word_1_29' title='bbox 255 626 346 702; x_wconf 90' lang='lat' dir='ltr'>periti</span> <span class='ocrx_word' id='word_1_30' title='bbox 364 632 472 705; x_wconf 90' lang='lat' dir='ltr'>essent,</span> <span class='ocrx_word' id='word_1_31' title='bbox 490 631 589 684; x_wconf 89' lang='lat' dir='ltr'>tamen</span> <span class='ocrx_word' id='word_1_32' title='bbox 607 644 666 685; x_wconf 93' lang='lat' dir='ltr'>non</span> <span class='ocrx_word' id='word_1_33' title='bbox 681 628 712 685; x_wconf 93' lang='lat' dir='ltr'>in</span> <span class='ocrx_word' id='word_1_34' title='bbox 726 625 957 685; x_wconf 81' lang='lat' dir='ltr'>accuratioribus</span> <span class='ocrx_word' id='word_1_35' title='bbox 971 644 1073 686; x_wconf 91' lang='lat' dir='ltr'>rerum</span> 
     </span>
     <span class='ocr_line' id='line_1_6' title="bbox 62 712 1072 792; baseline 0.003 -21"><span class='ocrx_word' id='word_1_36' title='bbox 62 715 322 791; x_wconf 88' lang='lat' dir='ltr'>grammaticarum</span> <span class='ocrx_word' id='word_1_37' title='bbox 341 712 447 773; x_wconf 91' lang='lat' dir='ltr'>studiis</span> <span class='ocrx_word' id='word_1_38' title='bbox 460 721 657 792; x_wconf 82' lang='lat' dir='ltr'>versarentur,</span> <span class='ocrx_word' id='word_1_39' title='bbox 671 716 759 773; x_wconf 91' lang='lat' dir='ltr'>nimis</span> <span class='ocrx_word' id='word_1_40' title='bbox 773 713 899 773; x_wconf 90' lang='lat' dir='ltr'>insolitis</span> <span class='ocrx_word' id='word_1_41' title='bbox 914 713 1072 774; x_wconf 91' lang='lat' dir='ltr'>verborum</span> 
     </span>
     <span class='ocr_line' id='line_1_7' title="bbox 63 797 1071 881; baseline 0.002 -21"><span class='ocrx_word' id='word_1_42' title='bbox 63 802 169 861; x_wconf 84' lang='lat' dir='ltr'>formis</span> <span class='ocrx_word' id='word_1_43' title='bbox 188 800 440 879; x_wconf 73' lang='lat' dir='ltr'>perturbarentur.</span> <span class='ocrx_word' id='word_1_44' title='bbox 482 804 580 880; x_wconf 89' lang='lat' dir='ltr'>itaque</span> <span class='ocrx_word' id='word_1_45' title='bbox 599 802 681 862; x_wconf 89' lang='lat' dir='ltr'>nolui</span> <span class='ocrx_word' id='word_1_46' title='bbox 705 801 835 862; x_wconf 90' lang='lat' dir='ltr'>scribere</span> <span class='ocrx_word' id='word_1_47' title='bbox 858 797 995 863; x_wconf 75' lang='lat' dir='ltr'>lucunas</span> <span class='ocrx_word' id='word_1_48' title='bbox 1017 821 1071 881; x_wconf 92' lang='lat' dir='ltr'>pro</span> 
     </span>
    </p>
   </div>
   <div class='ocr_carea' id='block_1_3' title="bbox 37 885 1123 3699">
    <p class='ocr_par' dir='ltr' id='par_1_3' title="bbox 37 885 1123 3330">
     <span class='ocr_line' id='line_1_8' title="bbox 63 885 1072 970; baseline -0.002 -18"><span class='ocrx_word' id='word_1_49' title='bbox 63 885 204 965; x_wconf 63' lang='lat' dir='ltr'>lacuum,</span> <span class='ocrx_word' id='word_1_50' title='bbox 235 885 494 967; x_wconf 75' lang='lat' dir='ltr'>repraehendere,</span> <span class='ocrx_word' id='word_1_51' title='bbox 527 890 604 968; x_wconf 91' lang='lat' dir='ltr'>quod</span> <span class='ocrx_word' id='word_1_52' title='bbox 633 893 719 950; x_wconf 91' lang='lat' dir='ltr'>ctiam</span> <span class='ocrx_word' id='word_1_53' title='bbox 746 890 924 968; x_wconf 77' lang='lat' dir='ltr'>Bernapsius</span> <span class='ocrx_word' id='word_1_54' title='bbox 952 893 1072 970; x_wconf 82' lang='lat' dir='ltr'>sprevIt,</span> 
     </span>
     <span class='ocr_line' id='line_1_9' title="bbox 62 975 1071 1058; baseline 0 -20"><span class='ocrx_word' id='word_1_55' title='bbox 62 975 195 1039; x_wconf 73' lang='lat' dir='ltr'>emerico</span> <span class='ocrx_word' id='word_1_56' title='bbox 221 977 341 1058; x_wconf 85' lang='lat' dir='ltr'>slmilia,</span> <span class='ocrx_word' id='word_1_57' title='bbox 374 996 441 1038; x_wconf 92' lang='lat' dir='ltr'>cum</span> <span class='ocrx_word' id='word_1_58' title='bbox 469 996 505 1037; x_wconf 80' lang='lat' dir='ltr'>ex</span> <span class='ocrx_word' id='word_1_59' title='bbox 533 977 749 1038; x_wconf 88' lang='lat' dir='ltr'>recentioribus</span> <span class='ocrx_word' id='word_1_60' title='bbox 777 977 939 1038; x_wconf 84' lang='lat' dir='ltr'>editoribus</span> <span class='ocrx_word' id='word_1_61' title='bbox 966 977 1071 1038; x_wconf 83' lang='lat' dir='ltr'>Illunro</span> 
     </span>
     <span class='ocr_line' id='line_1_10' title="bbox 63 1065 1071 1146; baseline 0 -20"><span class='ocrx_word' id='word_1_62' title='bbox 63 1085 100 1126; x_wconf 95' lang='lat' dir='ltr'>ne</span> <span class='ocrx_word' id='word_1_63' title='bbox 116 1065 191 1126; x_wconf 88' lang='lat' dir='ltr'>illud</span> <span class='ocrx_word' id='word_1_64' title='bbox 204 1081 317 1127; x_wconf 72' lang='lat' dir='ltr'>coccae</span> <span class='ocrx_word' id='word_1_65' title='bbox 327 1066 454 1146; x_wconf 89' lang='lat' dir='ltr'>quidem,</span> <span class='ocrx_word' id='word_1_66' title='bbox 469 1065 547 1145; x_wconf 91' lang='lat' dir='ltr'>quod</span> <span class='ocrx_word' id='word_1_67' title='bbox 561 1085 614 1145; x_wconf 94' lang='lat' dir='ltr'>pro</span> <span class='ocrx_word' id='word_1_68' title='bbox 628 1084 743 1129; x_wconf 79' lang='lat' dir='ltr'>cacare</span> <span class='ocrx_word' id='word_1_69' title='bbox 757 1069 899 1145; x_wconf 92' lang='lat' dir='ltr'>scriptum</span> <span class='ocrx_word' id='word_1_70' title='bbox 911 1065 1071 1126; x_wconf 87' lang='lat' dir='ltr'>Leidenses</span> 
     </span>
     <span class='ocr_line' id='line_1_11' title="bbox 62 1151 1123 1234; baseline 0.001 -21"><span class='ocrx_word' id='word_1_71' title='bbox 62 1154 131 1234; x_wconf 92' lang='lat' dir='ltr'>plus</span> <span class='ocrx_word' id='word_1_72' title='bbox 151 1154 243 1214; x_wconf 86' lang='lat' dir='ltr'>semel</span> <span class='ocrx_word' id='word_1_73' title='bbox 262 1153 410 1234; x_wconf 76' lang='lat' dir='ltr'>exhibent,</span> <span class='ocrx_word' id='word_1_74' title='bbox 428 1157 647 1234; x_wconf 79' lang='lat' dir='ltr'>contempserit,</span> <span class='ocrx_word' id='word_1_75' title='bbox 667 1157 751 1233; x_wconf 93' lang='lat' dir='ltr'>quasi</span> <span class='ocrx_word' id='word_1_76' title='bbox 770 1153 910 1214; x_wconf 87' lang='lat' dir='ltr'>credibile</span> <span class='ocrx_word' id='word_1_77' title='bbox 930 1156 969 1214; x_wconf 87' lang='lat' dir='ltr'>sit</span> <span class='ocrx_word' id='word_1_78' title='bbox 982 1172 1071 1214; x_wconf 89' lang='lat' dir='ltr'>aurea</span> <span class='ocrx_word' id='word_1_79' title='bbox 1120 1151 1123 1161; x_wconf 85' lang='lat'>&#39;</span> 
     </span>
     <span class='ocr_line' id='line_1_12' title="bbox 63 1241 1071 1322; baseline -0.001 -19"><span class='ocrx_word' id='word_1_80' title='bbox 63 1245 213 1303; x_wconf 89' lang='lat' dir='ltr'>sermonis</span> <span class='ocrx_word' id='word_1_81' title='bbox 237 1241 319 1302; x_wconf 91' lang='lat' dir='ltr'>latini</span> <span class='ocrx_word' id='word_1_82' title='bbox 342 1248 436 1302; x_wconf 87' lang='lat' dir='ltr'>aetate</span> <span class='ocrx_word' id='word_1_83' title='bbox 457 1243 591 1303; x_wconf 91' lang='lat' dir='ltr'>homines</span> <span class='ocrx_word' id='word_1_84' title='bbox 610 1243 640 1302; x_wconf 94' lang='lat' dir='ltr'>id</span> <span class='ocrx_word' id='word_1_85' title='bbox 660 1245 764 1322; x_wconf 83' lang='lat' dir='ltr'>egisse,</span> <span class='ocrx_word' id='word_1_86' title='bbox 787 1249 820 1302; x_wconf 90' lang='lat' dir='ltr'>ut</span> <span class='ocrx_word' id='word_1_87' title='bbox 837 1241 886 1301; x_wconf 91' lang='lat' dir='ltr'>iIIa</span> <span class='ocrx_word' id='word_1_88' title='bbox 905 1242 963 1302; x_wconf 90' lang='lat' dir='ltr'>duo</span> <span class='ocrx_word' id='word_1_89' title='bbox 982 1242 1071 1302; x_wconf 89' lang='lat' dir='ltr'>verba</span> 
     </span>
     <span class='ocr_line' id='line_1_13' title="bbox 63 1330 1071 1410; baseline -0.001 -19"><span class='ocrx_word' id='word_1_90' title='bbox 63 1349 153 1410; x_wconf 91' lang='lat' dir='ltr'>quam</span> <span class='ocrx_word' id='word_1_91' title='bbox 178 1330 314 1390; x_wconf 85' lang='lat' dir='ltr'>facillime</span> <span class='ocrx_word' id='word_1_92' title='bbox 334 1333 412 1390; x_wconf 90' lang='lat' dir='ltr'>inter</span> <span class='ocrx_word' id='word_1_93' title='bbox 431 1349 463 1390; x_wconf 91' lang='lat' dir='ltr'>se</span> <span class='ocrx_word' id='word_1_94' title='bbox 482 1331 622 1391; x_wconf 88' lang='lat' dir='ltr'>confundi</span> <span class='ocrx_word' id='word_1_95' title='bbox 639 1338 768 1409; x_wconf 89' lang='lat' dir='ltr'>possent.</span> <span class='ocrx_word' id='word_1_96' title='bbox 805 1331 911 1409; x_wconf 91' lang='lat' dir='ltr'>quodsi</span> <span class='ocrx_word' id='word_1_97' title='bbox 929 1333 986 1390; x_wconf 93' lang='lat' dir='ltr'>iam</span> <span class='ocrx_word' id='word_1_98' title='bbox 1006 1331 1071 1390; x_wconf 87' lang='lat' dir='ltr'>fieri</span> 
     </span>
     <span class='ocr_line' id='line_1_14' title="bbox 37 1417 1071 1498; baseline -0.001 -19"><span class='ocrx_word' id='word_1_99' title='bbox 37 1417 159 1498; x_wconf 87' lang='lat' dir='ltr'>&#39;possit</span> <span class='ocrx_word' id='word_1_100' title='bbox 182 1426 215 1479; x_wconf 91' lang='lat' dir='ltr'>ut</span> <span class='ocrx_word' id='word_1_101' title='bbox 238 1437 274 1478; x_wconf 80' lang='lat' dir='ltr'>ex</span> <span class='ocrx_word' id='word_1_102' title='bbox 297 1417 381 1478; x_wconf 89' lang='lat' dir='ltr'>libris</span> <span class='ocrx_word' id='word_1_103' title='bbox 404 1420 476 1478; x_wconf 91' lang='lat' dir='ltr'>noni</span> <span class='ocrx_word' id='word_1_104' title='bbox 498 1418 544 1478; x_wconf 89' lang='lat' dir='ltr'>vel</span> <span class='ocrx_word' id='word_1_105' title='bbox 567 1419 674 1479; x_wconf 90' lang='lat' dir='ltr'>decimi</span> <span class='ocrx_word' id='word_1_106' title='bbox 696 1438 723 1498; x_wconf 92' lang='lat' dir='ltr'>p.</span> <span class='ocrx_word' id='word_1_107' title='bbox 744 1417 809 1479; x_wconf 84' lang='lat' dir='ltr'>Chr.</span> <span class='ocrx_word' id='word_1_108' title='bbox 828 1437 857 1478; x_wconf 92' lang='lat' dir='ltr'>n.</span> <span class='ocrx_word' id='word_1_109' title='bbox 877 1419 987 1479; x_wconf 91' lang='lat' dir='ltr'>saeculi</span> <span class='ocrx_word' id='word_1_110' title='bbox 1006 1437 1071 1478; x_wconf 92' lang='lat' dir='ltr'>eam</span> 
     </span>
     <span class='ocr_line' id='line_1_15' title="bbox 62 1506 1070 1587; baseline -0.001 -20"><span class='ocrx_word' id='word_1_111' title='bbox 62 1506 216 1567; x_wconf 84' lang='lat' dir='ltr'>scribendi</span> <span class='ocrx_word' id='word_1_112' title='bbox 239 1507 490 1587; x_wconf 88' lang='lat' dir='ltr'>consuetudinem,</span> <span class='ocrx_word' id='word_1_113' title='bbox 515 1525 589 1585; x_wconf 91' lang='lat' dir='ltr'>quae</span> <span class='ocrx_word' id='word_1_114' title='bbox 613 1510 709 1585; x_wconf 87' lang='lat' dir='ltr'>quarti</span> <span class='ocrx_word' id='word_1_115' title='bbox 729 1506 775 1566; x_wconf 89' lang='lat' dir='ltr'>vel</span> <span class='ocrx_word' id='word_1_116' title='bbox 794 1509 889 1586; x_wconf 92' lang='lat' dir='ltr'>quinti</span> <span class='ocrx_word' id='word_1_117' title='bbox 908 1507 972 1587; x_wconf 84' lang='lat' dir='ltr'>fuit,</span> <span class='ocrx_word' id='word_1_118' title='bbox 995 1510 1070 1566; x_wconf 91' lang='lat' dir='ltr'>reci·</span> 
     </span>
     <span class='ocr_line' id='line_1_16' title="bbox 61 1594 1070 1675; baseline 0 -20"><span class='ocrx_word' id='word_1_119' title='bbox 61 1598 188 1675; x_wconf 91' lang='lat' dir='ltr'>piamus,</span> <span class='ocrx_word' id='word_1_120' title='bbox 211 1613 316 1654; x_wconf 91' lang='lat' dir='ltr'>vereor</span> <span class='ocrx_word' id='word_1_121' title='bbox 339 1602 371 1654; x_wconf 91' lang='lat' dir='ltr'>ut</span> <span class='ocrx_word' id='word_1_122' title='bbox 393 1594 518 1655; x_wconf 90' lang='lat' dir='ltr'>multum</span> <span class='ocrx_word' id='word_1_123' title='bbox 541 1594 617 1655; x_wconf 90' lang='lat' dir='ltr'>lucri</span> <span class='ocrx_word' id='word_1_124' title='bbox 639 1595 707 1655; x_wconf 92' lang='lat' dir='ltr'>inde</span> <span class='ocrx_word' id='word_1_125' title='bbox 730 1595 816 1655; x_wconf 91' lang='lat' dir='ltr'>nobis</span> <span class='ocrx_word' id='word_1_126' title='bbox 837 1595 872 1654; x_wconf 94' lang='lat' dir='ltr'>ad</span> <span class='ocrx_word' id='word_1_127' title='bbox 892 1597 1070 1673; x_wconf 90' lang='lat' dir='ltr'>optimorum</span> 
     </span>
     <span class='ocr_line' id='line_1_17' title="bbox 61 1682 1069 1762; baseline 0.001 -20"><span class='ocrx_word' id='word_1_128' title='bbox 61 1682 217 1744; x_wconf 88' lang='lat' dir='ltr'>latinitatis</span> <span class='ocrx_word' id='word_1_129' title='bbox 250 1691 403 1743; x_wconf 90' lang='lat' dir='ltr'>auctorum</span> <span class='ocrx_word' id='word_1_130' title='bbox 436 1683 527 1742; x_wconf 93' lang='lat' dir='ltr'>libros</span> <span class='ocrx_word' id='word_1_131' title='bbox 560 1683 767 1762; x_wconf 88' lang='lat' dir='ltr'>perpoliendos</span> <span class='ocrx_word' id='word_1_132' title='bbox 794 1683 947 1743; x_wconf 91' lang='lat' dir='ltr'>redundet.</span> <span class='ocrx_word' id='word_1_133' title='bbox 999 1684 1069 1762; x_wconf 92' lang='lat' dir='ltr'>quid</span> 
     </span>
     <span class='ocr_line' id='line_1_18' title="bbox 60 1767 1070 1850; baseline -0.002 -18"><span class='ocrx_word' id='word_1_134' title='bbox 60 1767 166 1832; x_wconf 77' lang='lat' dir='ltr'>enim?</span> <span class='ocrx_word' id='word_1_135' title='bbox 199 1774 225 1830; x_wconf 92' lang='lat' dir='ltr'>si</span> <span class='ocrx_word' id='word_1_136' title='bbox 243 1771 359 1831; x_wconf 85' lang='lat' dir='ltr'>efficere</span> <span class='ocrx_word' id='word_1_137' title='bbox 378 1790 533 1850; x_wconf 89' lang='lat' dir='ltr'>possemus</span> <span class='ocrx_word' id='word_1_138' title='bbox 552 1778 585 1830; x_wconf 90' lang='lat' dir='ltr'>ut</span> <span class='ocrx_word' id='word_1_139' title='bbox 597 1770 752 1831; x_wconf 88' lang='lat' dir='ltr'>Lucretius</span> <span class='ocrx_word' id='word_1_140' title='bbox 771 1789 787 1830; x_wconf 95' lang='lat' dir='ltr'>a</span> <span class='ocrx_word' id='word_1_141' title='bbox 806 1770 891 1831; x_wconf 89' lang='lat' dir='ltr'>nohis</span> <span class='ocrx_word' id='word_1_142' title='bbox 911 1789 1070 1850; x_wconf 87' lang='lat' dir='ltr'>expressus</span> 
     </span>
     <span class='ocr_line' id='line_1_19' title="bbox 61 1859 1070 1940; baseline -0.001 -20"><span class='ocrx_word' id='word_1_143' title='bbox 61 1862 102 1920; x_wconf 93' lang='lat' dir='ltr'>ita</span> <span class='ocrx_word' id='word_1_144' title='bbox 127 1859 307 1940; x_wconf 89' lang='lat' dir='ltr'>loqueretur,</span> <span class='ocrx_word' id='word_1_145' title='bbox 330 1867 363 1918; x_wconf 87' lang='lat' dir='ltr'>ut</span> <span class='ocrx_word' id='word_1_146' title='bbox 384 1860 530 1919; x_wconf 81' lang='lat' dir='ltr'>Ammiani</span> <span class='ocrx_word' id='word_1_147' title='bbox 547 1859 709 1920; x_wconf 86' lang='lat' dir='ltr'>Marcellini</span> <span class='ocrx_word' id='word_1_148' title='bbox 732 1866 825 1919; x_wconf 88' lang='lat' dir='ltr'>aetate</span> <span class='ocrx_word' id='word_1_149' title='bbox 848 1859 982 1918; x_wconf 88' lang='lat' dir='ltr'>homiues</span> <span class='ocrx_word' id='word_1_150' title='bbox 1005 1859 1070 1920; x_wconf 90' lang='lat' dir='ltr'>Itali</span> 
     </span>
     <span class='ocr_line' id='line_1_20' title="bbox 60 1947 1069 2028; baseline 0 -21"><span class='ocrx_word' id='word_1_151' title='bbox 60 1947 154 2007; x_wconf 93' lang='lat' dir='ltr'>locuti</span> <span class='ocrx_word' id='word_1_152' title='bbox 182 1954 264 2027; x_wconf 88' lang='lat' dir='ltr'>sunt,</span> <span class='ocrx_word' id='word_1_153' title='bbox 296 1965 394 2007; x_wconf 90' lang='lat' dir='ltr'>nonne</span> <span class='ocrx_word' id='word_1_154' title='bbox 420 1947 547 2026; x_wconf 87' lang='lat' dir='ltr'>plurima</span> <span class='ocrx_word' id='word_1_155' title='bbox 574 1948 650 2026; x_wconf 93' lang='lat' dir='ltr'>apud</span> <span class='ocrx_word' id='word_1_156' title='bbox 679 1966 746 2008; x_wconf 92' lang='lat' dir='ltr'>eum</span> <span class='ocrx_word' id='word_1_157' title='bbox 774 1954 920 2028; x_wconf 82' lang='lat' dir='ltr'>extarent,</span> <span class='ocrx_word' id='word_1_158' title='bbox 950 1966 1024 2027; x_wconf 87' lang='lat' dir='ltr'>quae</span> <span class='ocrx_word' id='word_1_159' title='bbox 1053 1966 1069 2007; x_wconf 94' lang='lat' dir='ltr'>a</span> 
     </span>
     <span class='ocr_line' id='line_1_21' title="bbox 58 2032 1070 2115; baseline 0.001 -20"><span class='ocrx_word' id='word_1_160' title='bbox 58 2035 216 2096; x_wconf 83' lang='lat' dir='ltr'>Ciceronis</span> <span class='ocrx_word' id='word_1_161' title='bbox 246 2035 359 2114; x_wconf 93' lang='lat' dir='ltr'>aequali</span> <span class='ocrx_word' id='word_1_162' title='bbox 387 2038 497 2115; x_wconf 87' lang='lat' dir='ltr'>scripta</span> <span class='ocrx_word' id='word_1_163' title='bbox 524 2054 590 2096; x_wconf 91' lang='lat' dir='ltr'>esse</span> <span class='ocrx_word' id='word_1_164' title='bbox 617 2035 697 2096; x_wconf 91' lang='lat' dir='ltr'>nullo</span> <span class='ocrx_word' id='word_1_165' title='bbox 724 2036 810 2095; x_wconf 92' lang='lat' dir='ltr'>modo</span> <span class='ocrx_word' id='word_1_166' title='bbox 838 2043 939 2113; x_wconf 90' lang='lat' dir='ltr'>posset</span> <span class='ocrx_word' id='word_1_167' title='bbox 966 2032 1070 2096; x_wconf 78' lang='lat' dir='ltr'>credi?</span> 
     </span>
     <span class='ocr_line' id='line_1_22' title="bbox 60 2120 1069 2202; baseline -0.001 -18"><span class='ocrx_word' id='word_1_168' title='bbox 60 2141 123 2184; x_wconf 94' lang='lat' dir='ltr'>uno</span> <span class='ocrx_word' id='word_1_169' title='bbox 143 2123 277 2202; x_wconf 82' lang='lat' dir='ltr'>exemplo</span> <span class='ocrx_word' id='word_1_170' title='bbox 301 2123 452 2201; x_wconf 86' lang='lat' dir='ltr'>defungar.</span> <span class='ocrx_word' id='word_1_171' title='bbox 497 2127 529 2183; x_wconf 87' lang='lat' dir='ltr'>In</span> <span class='ocrx_word' id='word_1_172' title='bbox 552 2124 569 2183; x_wconf 88' lang='lat' dir='ltr'>l.</span> <span class='ocrx_word' id='word_1_173' title='bbox 592 2124 629 2182; x_wconf 94' lang='lat' dir='ltr'>IV</span> <span class='ocrx_word' id='word_1_174' title='bbox 651 2143 676 2183; x_wconf 91' lang='lat' dir='ltr'>v.</span> <span class='ocrx_word' id='word_1_175' title='bbox 698 2120 782 2185; x_wconf 85' lang='grc'><strong>1186</strong></span> <span class='ocrx_word' id='word_1_176' title='bbox 805 2122 1009 2183; x_wconf 90' lang='lat' dir='ltr'>Lachmannus</span> <span class='ocrx_word' id='word_1_177' title='bbox 1033 2143 1069 2184; x_wconf 80' lang='lat' dir='ltr'>ex</span> 
     </span>
     <span class='ocr_line' id='line_1_23' title="bbox 59 2209 1068 2291; baseline 0 -20"><span class='ocrx_word' id='word_1_178' title='bbox 59 2211 207 2271; x_wconf 90' lang='lat' dir='ltr'>librorum</span> <span class='ocrx_word' id='word_1_179' title='bbox 217 2210 296 2270; x_wconf 83' lang='lat' dir='ltr'>Leid.</span> <span class='ocrx_word' id='word_1_180' title='bbox 311 2210 420 2271; x_wconf 88' lang='lat' dir='ltr'>litteris</span> <span class='ocrx_word' id='word_1_181' title='bbox 439 2231 513 2291; x_wconf 89' lang='lat' dir='ltr'>quae</span> <span class='ocrx_word' id='word_1_182' title='bbox 533 2219 602 2272; x_wconf 78' lang='lat' dir='ltr'>simt</span> <span class='ocrx_word' id='word_1_183' title='bbox 613 2209 794 2290; x_wconf 76' lang='lat' dir='ltr'>postcaerac&#39;o</span> <span class='ocrx_word' id='word_1_184' title='bbox 810 2213 885 2271; x_wconf 91' lang='lat' dir='ltr'>mira</span> <span class='ocrx_word' id='word_1_185' title='bbox 900 2214 1068 2271; x_wconf 90' lang='lat' dir='ltr'>coniectura</span> 
     </span>
     <span class='ocr_line' id='line_1_24' title="bbox 60 2299 1068 2380; baseline -0.001 -21"><span class='ocrx_word' id='word_1_186' title='bbox 60 2302 232 2378; x_wconf 90' lang='lat' dir='ltr'>perspicere</span> <span class='ocrx_word' id='word_1_187' title='bbox 265 2299 323 2359; x_wconf 93' lang='lat' dir='ltr'>sibi</span> <span class='ocrx_word' id='word_1_188' title='bbox 354 2302 434 2359; x_wconf 90' lang='lat' dir='ltr'>visus</span> <span class='ocrx_word' id='word_1_189' title='bbox 462 2307 508 2360; x_wconf 89' lang='lat' dir='ltr'>est</span> <span class='ocrx_word' id='word_1_190' title='bbox 534 2303 565 2359; x_wconf 93' lang='lat' dir='ltr'>in</span> <span class='ocrx_word' id='word_1_191' title='bbox 593 2300 764 2380; x_wconf 83' lang='lat' dir='ltr'>archetypo,</span> <span class='ocrx_word' id='word_1_192' title='bbox 794 2307 949 2377; x_wconf 88' lang='lat' dir='ltr'>antequam</span> <span class='ocrx_word' id='word_1_193' title='bbox 977 2302 1068 2359; x_wconf 91' lang='lat' dir='ltr'>corri-</span> 
     </span>
     <span class='ocr_line' id='line_1_25' title="bbox 60 2385 1067 2468; baseline 0.001 -22"><span class='ocrx_word' id='word_1_194' title='bbox 60 2395 191 2468; x_wconf 83' lang='lat' dir='ltr'>geretur,</span> <span class='ocrx_word' id='word_1_195' title='bbox 211 2387 301 2447; x_wconf 88' lang='lat' dir='ltr'>Iuisse</span> <span class='ocrx_word' id='word_1_196' title='bbox 314 2385 490 2468; x_wconf 77' lang='lat' dir='ltr'>poscaenia.</span> <span class='ocrx_word' id='word_1_197' title='bbox 532 2389 618 2467; x_wconf 90' lang='lat' dir='ltr'>quod,</span> <span class='ocrx_word' id='word_1_198' title='bbox 637 2395 670 2448; x_wconf 93' lang='lat' dir='ltr'>ut</span> <span class='ocrx_word' id='word_1_199' title='bbox 692 2387 735 2447; x_wconf 87' lang='lat' dir='ltr'>ibi</span> <span class='ocrx_word' id='word_1_200' title='bbox 757 2388 854 2467; x_wconf 84' lang='lat' dir='ltr'>fuerit,</span> <span class='ocrx_word' id='word_1_201' title='bbox 876 2386 957 2447; x_wconf 93' lang='lat' dir='ltr'>nullo</span> <span class='ocrx_word' id='word_1_202' title='bbox 981 2388 1067 2447; x_wconf 92' lang='lat' dir='ltr'>modo</span> 
     </span>
     <span class='ocr_line' id='line_1_26' title="bbox 60 2474 1068 2557; baseline 0.002 -23"><span class='ocrx_word' id='word_1_203' title='bbox 60 2493 77 2535; x_wconf 91' lang='lat' dir='ltr'>a</span> <span class='ocrx_word' id='word_1_204' title='bbox 106 2474 226 2535; x_wconf 89' lang='lat' dir='ltr'>Lucreti</span> <span class='ocrx_word' id='word_1_205' title='bbox 252 2494 340 2535; x_wconf 93' lang='lat' dir='ltr'>manu</span> <span class='ocrx_word' id='word_1_206' title='bbox 368 2479 500 2555; x_wconf 91' lang='lat' dir='ltr'>potuisse</span> <span class='ocrx_word' id='word_1_207' title='bbox 525 2477 675 2555; x_wconf 89' lang='lat' dir='ltr'>proficisci</span> <span class='ocrx_word' id='word_1_208' title='bbox 702 2483 826 2537; x_wconf 85' lang='lat' dir='ltr'>testatur</span> <span class='ocrx_word' id='word_1_209' title='bbox 849 2475 1068 2557; x_wconf 91' lang='lat' dir='ltr'>Mommsenius,</span> 
     </span>
     <span class='ocr_line' id='line_1_27' title="bbox 61 2560 1067 2644; baseline 0 -20"><span class='ocrx_word' id='word_1_210' title='bbox 61 2581 130 2624; x_wconf 92' lang='lat' dir='ltr'>cum</span> <span class='ocrx_word' id='word_1_211' title='bbox 154 2565 185 2622; x_wconf 94' lang='lat' dir='ltr'>in</span> <span class='ocrx_word' id='word_1_212' title='bbox 204 2563 350 2641; x_wconf 90' lang='lat' dir='ltr'>ephemer.</span> <span class='ocrx_word' id='word_1_213' title='bbox 371 2567 461 2643; x_wconf 82' lang='lat' dir='ltr'>epigr.</span> <span class='ocrx_word' id='word_1_214' title='bbox 480 2564 494 2624; x_wconf 98' lang='lat' dir='ltr'>l</span> <span class='ocrx_word' id='word_1_215' title='bbox 515 2584 544 2644; x_wconf 91' lang='lat' dir='ltr'>p.</span> <span class='ocrx_word' id='word_1_216' title='bbox 564 2563 605 2628; x_wconf 85' lang='lat'>78</span> <span class='ocrx_word' id='word_1_217' title='bbox 629 2565 734 2625; x_wconf 89' lang='lat' dir='ltr'>scribit</span> <span class='ocrx_word' id='word_1_218' title='bbox 757 2560 826 2643; x_wconf 73' lang='lat' dir='ltr'>‘pos</span> <span class='ocrx_word' id='word_1_219' title='bbox 849 2564 927 2643; x_wconf 93' lang='lat' dir='ltr'>quod</span> <span class='ocrx_word' id='word_1_220' title='bbox 950 2571 995 2625; x_wconf 92' lang='lat' dir='ltr'>est</span> <span class='ocrx_word' id='word_1_221' title='bbox 1013 2583 1067 2642; x_wconf 94' lang='lat' dir='ltr'>pro</span> 
     </span>
     <span class='ocr_line' id='line_1_28' title="bbox 54 2652 1067 2733; baseline 0 -21"><span class='ocrx_word' id='word_1_222' title='bbox 54 2652 131 2732; x_wconf 76' lang='lat' dir='ltr'>post</span> <span class='ocrx_word' id='word_1_223' title='bbox 151 2660 292 2730; x_wconf 91' lang='lat' dir='ltr'>sequente</span> <span class='ocrx_word' id='word_1_224' title='bbox 316 2652 412 2712; x_wconf 91' lang='lat' dir='ltr'>denuo</span> <span class='ocrx_word' id='word_1_225' title='bbox 436 2653 533 2713; x_wconf 90' lang='lat' dir='ltr'>littera</span> <span class='ocrx_word' id='word_1_226' title='bbox 556 2655 569 2714; x_wconf 85' lang='lat' dir='ltr'>t</span> <span class='ocrx_word' id='word_1_227' title='bbox 590 2653 747 2733; x_wconf 89' lang='lat' dir='ltr'>diplomata</span> <span class='ocrx_word' id='word_1_228' title='bbox 770 2653 805 2713; x_wconf 93' lang='lat' dir='ltr'>ad</span> <span class='ocrx_word' id='word_1_229' title='bbox 824 2652 954 2712; x_wconf 86' lang='lat' dir='ltr'>Marcum</span> <span class='ocrx_word' id='word_1_230' title='bbox 973 2671 1067 2731; x_wconf 90' lang='lat' dir='ltr'>usque</span> 
     </span>
     <span class='ocr_line' id='line_1_29' title="bbox 59 2737 1067 2821; baseline 0 -23"><span class='ocrx_word' id='word_1_231' title='bbox 59 2737 221 2818; x_wconf 84' lang='lat' dir='ltr'>ignorant&#39;.</span> <span class='ocrx_word' id='word_1_232' title='bbox 256 2742 314 2800; x_wconf 92' lang='lat' dir='ltr'>iam</span> <span class='ocrx_word' id='word_1_233' title='bbox 333 2759 402 2800; x_wconf 88' lang='lat' dir='ltr'>vero</span> <span class='ocrx_word' id='word_1_234' title='bbox 421 2742 475 2801; x_wconf 88' lang='lat' dir='ltr'>hac</span> <span class='ocrx_word' id='word_1_235' title='bbox 494 2744 647 2801; x_wconf 91' lang='lat' dir='ltr'>occasione</span> <span class='ocrx_word' id='word_1_236' title='bbox 667 2741 761 2802; x_wconf 84' lang='lat' dir='ltr'>oblata</span> <span class='ocrx_word' id='word_1_237' title='bbox 779 2742 835 2801; x_wconf 93' lang='lat' dir='ltr'>hoc</span> <span class='ocrx_word' id='word_1_238' title='bbox 853 2758 974 2800; x_wconf 91' lang='lat' dir='ltr'>monere</span> <span class='ocrx_word' id='word_1_239' title='bbox 992 2739 1067 2821; x_wconf 84' lang='lat' dir='ltr'>volo,</span> 
     </span>
     <span class='ocr_line' id='line_1_30' title="bbox 58 2827 1068 2910; baseline 0.001 -23"><span class='ocrx_word' id='word_1_240' title='bbox 58 2827 139 2906; x_wconf 91' lang='lat' dir='ltr'>quod</span> <span class='ocrx_word' id='word_1_241' title='bbox 166 2835 265 2888; x_wconf 91' lang='lat' dir='ltr'>tamen</span> <span class='ocrx_word' id='word_1_242' title='bbox 292 2831 407 2888; x_wconf 90' lang='lat' dir='ltr'>moneri</span> <span class='ocrx_word' id='word_1_243' title='bbox 433 2832 481 2888; x_wconf 82' lang='lat' dir='ltr'>vix</span> <span class='ocrx_word' id='word_1_244' title='bbox 510 2848 582 2908; x_wconf 94' lang='lat' dir='ltr'>opus</span> <span class='ocrx_word' id='word_1_245' title='bbox 606 2830 707 2910; x_wconf 84' lang='lat' dir='ltr'>fuerit,</span> <span class='ocrx_word' id='word_1_246' title='bbox 736 2832 903 2908; x_wconf 88' lang='lat' dir='ltr'>quicunque</span> <span class='ocrx_word' id='word_1_247' title='bbox 926 2827 1068 2906; x_wconf 88' lang='lat' dir='ltr'>philologi</span> 
     </span>
     <span class='ocr_line' id='line_1_31' title="bbox 57 2915 1065 2996; baseline 0 -20"><span class='ocrx_word' id='word_1_248' title='bbox 57 2933 142 2976; x_wconf 92' lang='lat' dir='ltr'>more</span> <span class='ocrx_word' id='word_1_249' title='bbox 175 2916 210 2976; x_wconf 91' lang='lat' dir='ltr'>ad</span> <span class='ocrx_word' id='word_1_250' title='bbox 239 2917 334 2977; x_wconf 92' lang='lat' dir='ltr'>studia</span> <span class='ocrx_word' id='word_1_251' title='bbox 362 2916 536 2976; x_wconf 88' lang='lat' dir='ltr'>Lucretiana</span> <span class='ocrx_word' id='word_1_252' title='bbox 565 2936 596 2977; x_wconf 90' lang='lat' dir='ltr'>se</span> <span class='ocrx_word' id='word_1_253' title='bbox 625 2917 694 2977; x_wconf 89' lang='lat' dir='ltr'>dare</span> <span class='ocrx_word' id='word_1_254' title='bbox 722 2917 859 2996; x_wconf 88' lang='lat' dir='ltr'>voluerit,</span> <span class='ocrx_word' id='word_1_255' title='bbox 887 2915 1065 2976; x_wconf 79' lang='lat' dir='ltr'>lachmanni</span> 
     </span>
     <span class='ocr_line' id='line_1_32' title="bbox 56 3005 1065 3085; baseline 0.001 -21"><span class='ocrx_word' id='word_1_256' title='bbox 56 3007 285 3085; x_wconf 89' lang='lat' dir='ltr'>commentario,</span> <span class='ocrx_word' id='word_1_257' title='bbox 309 3005 386 3083; x_wconf 93' lang='lat' dir='ltr'>quod</span> <span class='ocrx_word' id='word_1_258' title='bbox 415 3023 488 3083; x_wconf 94' lang='lat' dir='ltr'>opus</span> <span class='ocrx_word' id='word_1_259' title='bbox 514 3005 549 3065; x_wconf 92' lang='lat' dir='ltr'>ad</span> <span class='ocrx_word' id='word_1_260' title='bbox 573 3023 658 3065; x_wconf 91' lang='lat' dir='ltr'>omne</span> <span class='ocrx_word' id='word_1_261' title='bbox 682 3006 813 3065; x_wconf 84' lang='lat' dir='ltr'>futurum</span> <span class='ocrx_word' id='word_1_262' title='bbox 839 3011 957 3084; x_wconf 90' lang='lat' dir='ltr'>tempus</span> <span class='ocrx_word' id='word_1_263' title='bbox 984 3024 1065 3079; x_wconf 89' lang='lat' dir='ltr'>man-</span> 
     </span>
     <span class='ocr_line' id='line_1_33' title="bbox 59 3092 1065 3173; baseline 0.001 -21"><span class='ocrx_word' id='word_1_264' title='bbox 59 3110 163 3152; x_wconf 90' lang='lat' dir='ltr'>surum</span> <span class='ocrx_word' id='word_1_265' title='bbox 190 3111 363 3172; x_wconf 91' lang='lat' dir='ltr'>persuasum</span> <span class='ocrx_word' id='word_1_266' title='bbox 389 3093 496 3173; x_wconf 88' lang='lat' dir='ltr'>haheo,</span> <span class='ocrx_word' id='word_1_267' title='bbox 520 3092 600 3153; x_wconf 91' lang='lat' dir='ltr'>nullo</span> <span class='ocrx_word' id='word_1_268' title='bbox 627 3094 712 3153; x_wconf 91' lang='lat' dir='ltr'>modo</span> <span class='ocrx_word' id='word_1_269' title='bbox 741 3111 828 3171; x_wconf 92' lang='lat' dir='ltr'>posse</span> <span class='ocrx_word' id='word_1_270' title='bbox 852 3112 961 3153; x_wconf 89' lang='lat' dir='ltr'>carere.</span> <span class='ocrx_word' id='word_1_271' title='bbox 1008 3112 1065 3172; x_wconf 93' lang='lat' dir='ltr'>quo</span> 
     </span>
     <span class='ocr_line' id='line_1_34' title="bbox 57 3180 1066 3261; baseline 0.003 -22"><span class='ocrx_word' id='word_1_272' title='bbox 57 3182 158 3240; x_wconf 91' lang='lat' dir='ltr'>miuus</span> <span class='ocrx_word' id='word_1_273' title='bbox 182 3187 245 3241; x_wconf 88' lang='lat' dir='ltr'>erat</span> <span class='ocrx_word' id='word_1_274' title='bbox 267 3200 320 3241; x_wconf 90' lang='lat' dir='ltr'>cur</span> <span class='ocrx_word' id='word_1_275' title='bbox 342 3180 388 3241; x_wconf 89' lang='lat' dir='ltr'>vel</span> <span class='ocrx_word' id='word_1_276' title='bbox 411 3183 442 3241; x_wconf 94' lang='lat' dir='ltr'>in</span> <span class='ocrx_word' id='word_1_277' title='bbox 465 3183 595 3240; x_wconf 90' lang='lat' dir='ltr'>minimis</span> <span class='ocrx_word' id='word_1_278' title='bbox 618 3200 667 3241; x_wconf 91' lang='lat' dir='ltr'>eas</span> <span class='ocrx_word' id='word_1_279' title='bbox 685 3182 842 3241; x_wconf 90' lang='lat' dir='ltr'>verborum</span> <span class='ocrx_word' id='word_1_280' title='bbox 861 3182 969 3242; x_wconf 90' lang='lat' dir='ltr'>lormas</span> <span class='ocrx_word' id='word_1_281' title='bbox 991 3201 1066 3261; x_wconf 89' lang='lat' dir='ltr'>quae</span> 
     </span>
     <span class='ocr_line' id='line_1_35' title="bbox 57 3268 741 3330; baseline 0.003 -2"><span class='ocrx_word' id='word_1_282' title='bbox 57 3271 90 3328; x_wconf 93' lang='lat' dir='ltr'>in</span> <span class='ocrx_word' id='word_1_283' title='bbox 112 3268 308 3329; x_wconf 89' lang='lat' dir='ltr'>Leidensibus</span> <span class='ocrx_word' id='word_1_284' title='bbox 330 3277 493 3330; x_wconf 87' lang='lat' dir='ltr'>cernuntur</span> <span class='ocrx_word' id='word_1_285' title='bbox 514 3270 563 3329; x_wconf 92' lang='lat' dir='ltr'>hic</span> <span class='ocrx_word' id='word_1_286' title='bbox 586 3288 741 3330; x_wconf 87' lang='lat' dir='ltr'>servarem.</span> 
     </span>
    </p>

    <p class='ocr_par' dir='ltr' id='par_1_4' title="bbox 56 3356 1092 3616">
     <span class='ocr_line' id='line_1_36' title="bbox 147 3356 1064 3435; baseline 0 -18"><span class='ocrx_word' id='word_1_287' title='bbox 147 3356 250 3418; x_wconf 82' lang='lat' dir='ltr'>Restat</span> <span class='ocrx_word' id='word_1_288' title='bbox 281 3365 314 3418; x_wconf 89' lang='lat' dir='ltr'>ut</span> <span class='ocrx_word' id='word_1_289' title='bbox 344 3360 376 3418; x_wconf 90' lang='lat' dir='ltr'>in</span> <span class='ocrx_word' id='word_1_290' title='bbox 407 3375 545 3417; x_wconf 88' lang='lat' dir='ltr'>versuum</span> <span class='ocrx_word' id='word_1_291' title='bbox 576 3358 825 3418; x_wconf 90' lang='lat' dir='ltr'>numerandorum</span> <span class='ocrx_word' id='word_1_292' title='bbox 853 3360 966 3418; x_wconf 91' lang='lat' dir='ltr'>ratione</span> <span class='ocrx_word' id='word_1_293' title='bbox 994 3358 1064 3435; x_wconf 92' lang='lat' dir='ltr'>quid</span> 
     </span>
     <span class='ocr_line' id='line_1_37' title="bbox 56 3441 1069 3525; baseline 0 -21"><span class='ocrx_word' id='word_1_294' title='bbox 56 3441 179 3507; x_wconf 84' lang='lat' dir='ltr'>secutus</span> <span class='ocrx_word' id='word_1_295' title='bbox 211 3447 267 3506; x_wconf 90' lang='lat' dir='ltr'>sim</span> <span class='ocrx_word' id='word_1_296' title='bbox 299 3446 402 3507; x_wconf 91' lang='lat' dir='ltr'>dicam.</span> <span class='ocrx_word' id='word_1_297' title='bbox 454 3448 485 3505; x_wconf 89' lang='lat' dir='ltr'>iu</span> <span class='ocrx_word' id='word_1_298' title='bbox 513 3464 569 3525; x_wconf 86' lang='lat' dir='ltr'>qua</span> <span class='ocrx_word' id='word_1_299' title='bbox 597 3463 629 3505; x_wconf 90' lang='lat' dir='ltr'>re</span> <span class='ocrx_word' id='word_1_300' title='bbox 656 3447 686 3505; x_wconf 94' lang='lat' dir='ltr'>id</span> <span class='ocrx_word' id='word_1_301' title='bbox 713 3447 787 3506; x_wconf 89' lang='lat' dir='ltr'>mihi</span> <span class='ocrx_word' id='word_1_302' title='bbox 814 3447 870 3506; x_wconf 85' lang='lat' dir='ltr'>fuit</span> <span class='ocrx_word' id='word_1_303' title='bbox 896 3446 1069 3522; x_wconf 68' lang='lat' dir='ltr'>tenendum,</span> 
     </span>
     <span class='ocr_line' id='line_1_38' title="bbox 56 3532 1092 3616; baseline -0.011 -22"><span class='ocrx_word' id='word_1_304' title='bbox 56 3540 91 3594; x_wconf 93' lang='lat' dir='ltr'>ut</span> <span class='ocrx_word' id='word_1_305' title='bbox 118 3552 325 3613; x_wconf 80' lang='lat' dir='ltr'>quemcunque</span> <span class='ocrx_word' id='word_1_306' title='bbox 350 3533 448 3597; x_wconf 87' lang='lat' dir='ltr'>Iocum</span> <span class='ocrx_word' id='word_1_307' title='bbox 477 3536 544 3616; x_wconf 92' lang='lat' dir='ltr'>quis</span> <span class='ocrx_word' id='word_1_308' title='bbox 573 3554 642 3598; x_wconf 89' lang='lat' dir='ltr'>cum</span> <span class='ocrx_word' id='word_1_309' title='bbox 666 3538 808 3599; x_wconf 83' lang='lat' dir='ltr'>numeris</span> <span class='ocrx_word' id='word_1_310' title='bbox 823 3532 1092 3596; x_wconf 59' lang='lat' dir='ltr'>hominumue</span> 
     </span>
    </p>

    <p class='ocr_par' dir='ltr' id='par_1_5' title="bbox 101 3641 885 3699">
     <span class='ocr_line' id='line_1_39' title="bbox 101 3641 885 3699; baseline 0.01 -19"><span class='ocrx_word' id='word_1_311' title='bbox 101 3641 243 3683; x_wconf 69' lang='lat' dir='ltr'>Decuma.</span> <span class='ocrx_word' id='word_1_312' title='bbox 258 3644 292 3685; x_wconf 85' lang='lat' dir='ltr'>ed.</span> <span class='ocrx_word' id='word_1_313' title='bbox 306 3645 437 3699; x_wconf 68' lang='lat' dir='ltr'>Beleger.</span> <span class='ocrx_word' id='word_1_314' title='bbox 866 3654 885 3692; x_wconf 72' lang='lat' dir='ltr'>c</span> 
     </span>
    </p>
   </div>
   <div class='ocr_carea' id='block_1_4' title="bbox 0 0 1220 3878">
    <p class='ocr_par' dir='ltr' id='par_1_6' title="bbox 0 0 1220 3878">
     <span class='ocr_line' id='line_1_40' title="bbox 0 0 1220 3878; baseline 0 1"><span class='ocrx_word' id='word_1_315' title='bbox 0 0 1220 3878; x_wconf 95' lang='lat' dir='ltr'> </span> 
     </span>
    </p>
   </div>
  </div>
 </body>
</html>
