2430 3878
97 184 162 250 152
583 183 610 240 V

98 350 149 400 766
169 332 246 412 quod
270 331 368 393 radios
391 333 587 410 interrumpat
609 331 767 411 lumenque
789 329 968 410 profusum?

98 429 198 481 76661
219 428 318 480 tamen
341 422 405 498 ipsa
428 438 481 480 suo
505 422 531 479 si
553 418 645 498 ivdget
667 419 736 480 luna
759 423 868 502 nitere,

169 527 223 569 cnr
245 514 373 586 nequeat
396 515 476 568 certa
498 508 601 568 mundi
623 507 814 586 languescere
836 516 934 591 parte,

169 597 239 657 dum
262 597 326 657 1666
348 595 511 656 luminibus
533 597 662 674 propriis
684 598 804 657 inimica
826 616 881 676 per
904 594 987 659 exit?
1063 621 1100 660 rao

214 684 298 755 Quod
316 691 460 764 superest,
480 686 617 762 quoniam
636 686 735 762 magni
748 702 802 764 per
816 685 932 746 caerula
946 685 1100 749 mundius

100 792 151 840 766
170 791 226 851 qua
249 774 315 833 deri
337 772 477 852 quioquid
499 779 601 852 posset
623 774 737 833 ratione
760 772 882 854 resolvi,

101 869 153 919 771
171 861 242 921 solis
266 863 310 921 uti
332 863 429 920 varios
453 879 557 922 cursus
580 859 724 939 lunaeque
746 868 861 922 meatus

170 968 293 1009 noscere
315 966 470 1028 possemus
493 967 567 1028 quae
590 951 635 1009 vis
658 955 688 1008 et
711 966 798 1010 causa
821 952 926 1031 cieret,
1065 971 1105 1012 ars

171 1056 264 1117 quove
287 1036 373 1097 modo
392 1038 517 1115 possent
537 1037 642 1097 offecto
664 1035 775 1098 lumine
798 1037 881 1098 obire

171 1132 201 1188 et
222 1144 318 1204 neque
341 1127 488 1204 opinantis
510 1124 642 1185 tenebris
665 1123 813 1186 obducere
835 1133 944 1207 terras,

101 1230 152 1281 766
172 1233 238 1275 oum
262 1215 347 1292 quasi
369 1216 505 1274 conivent
528 1221 557 1274 et
580 1220 680 1292 aperto
703 1212 814 1273 lumine
837 1231 957 1274 rursum

101 1310 156 1363 776
173 1304 271 1362 omnia
294 1304 449 1362 convisunt
471 1301 549 1362 clara
571 1300 634 1361 loca
657 1301 781 1362 candida
803 1301 882 1382 luce,

171 1409 250 1451 nunc
273 1390 362 1450 redeo
385 1390 421 1450 ad
444 1390 547 1450 muudi
569 1391 728 1450 novitatem
751 1397 782 1450 et
803 1389 903 1450 mollia
924 1396 1024 1450 terrae
1066 1413 1109 1452 rso

172 1497 253 1560 arva,
275 1496 350 1538 novo
373 1477 435 1538 fetu
459 1478 528 1556 quid
551 1480 679 1556 primum
703 1480 734 1537 in
756 1477 876 1538 luminis
900 1495 967 1538 oras

172 1567 275 1627 tollere
299 1573 329 1626 et
349 1567 472 1625 incertis
495 1568 606 1625 crerint
628 1568 811 1626 committere
834 1567 939 1627 ventis.

103 1672 154 1722 776
217 1654 366 1732 Principio
390 1671 483 1730 genus
506 1652 663 1714 herbarum
685 1653 868 1733 viridemque
891 1657 1021 1715 nitorem

103 1750 156 1803 761
171 1750 251 1804 terra
274 1741 355 1802 dedit
377 1743 489 1801 circum
512 1741 595 1802 collis
619 1759 795 1821 camposque
817 1760 872 1822 per
894 1745 1005 1826 omnis,

174 1829 278 1891 florida
300 1828 446 1889 fulserunt
467 1829 606 1891 viridanti
626 1837 710 1908 prata
732 1830 844 1912 colore,
1068 1853 1110 1894 666

174 1917 387 1996 arboribusque
410 1917 538 1978 datumst
561 1920 651 1979 variis
674 1918 779 1978 exinde
801 1937 856 1997 per
877 1936 965 1979 auras

175 2007 329 2068 crescendi
351 2024 488 2084 magnum
510 2007 641 2066 inmissis
664 2012 814 2067 certamen
835 2005 968 2068 habenis.

105 2113 156 2163 776
174 2102 208 2157 61
229 2094 328 2174 pluma
351 2101 438 2173 atque
460 2094 514 2172 pili
536 2097 664 2173 primum
687 2101 842 2173 saetaeque
865 2101 1005 2156 creantur

104 2192 161 2244 766
175 2182 387 2263 quadripedum
410 2182 550 2242 membris
573 2189 603 2243 et
626 2200 749 2261 corpore
763 2184 1030 2266 pennipotentum,

176 2275 218 2333 sic
241 2289 314 2331 nova
337 2278 400 2331 tum
422 2270 509 2331 tellus
532 2270 638 2330 herbas
660 2270 843 2350 virgultaque
866 2273 996 2349 primum
1068 2294 1112 2334 veo

176 2359 307 2439 sustulit,
329 2359 398 2419 inde
422 2358 479 2418 loci
502 2358 637 2418 animalia
660 2357 755 2419 saecla
778 2361 887 2420 creavIt

175 2448 266 2508 multa
288 2447 384 2507 modis
406 2446 506 2507 multis
529 2449 609 2507 varia
631 2448 744 2507 ratione
767 2455 874 2507 coorta.

106 2552 243 2603 7666661
265 2553 361 2612 neque
384 2535 420 2594 de
444 2533 523 2595 eaelo
547 2534 688 2596 cecidisse
711 2535 849 2595 animalia
869 2543 1008 2616 possunt,

106 2631 231 2684 791666
253 2623 406 2683 terrestria
429 2622 464 2682 de
488 2622 573 2682 salsis
596 2624 692 2683 exisse
715 2622 841 2683 lacunis:

175 2712 319 2790 linquitur
342 2717 374 2770 ut
396 2712 502 2770 merito
524 2717 689 2771 maternum
711 2728 819 2772 nomen
843 2710 947 2790 adepta
1068 2734 1109 2774 vos

175 2807 255 2860 terra
278 2801 328 2879 sit,
352 2817 368 2858 e
391 2804 470 2859 terra
494 2800 631 2876 quoniam
655 2805 724 2859 sunt
746 2806 851 2860 cuncta
873 2805 980 2860 ereata.

175 2887 323 2966 multaque
346 2905 425 2948 nunc
448 2888 536 2947 etiam
560 2889 690 2948 existunt
712 2886 848 2948 animalia
869 2889 973 2968 terris,

107 2991 156 3042 786
176 2975 322 3036 imbribus
345 2982 375 3035 et
396 2975 490 3035 calido
514 2975 586 3035 solis
609 2983 745 3036 concreta
767 2993 888 3056 vapore;

106 3071 162 3123 796
176 3083 233 3143 quo
256 3065 355 3143 minus
378 3070 425 3123 est
446 3065 567 3145 mirum,
591 3065 617 3123 si
638 3071 703 3123 tum
725 3070 794 3124 sunt
815 3063 900 3143 plura
922 3070 1023 3146 coorta

177 3160 207 3213 et
228 3155 352 3232 maiore,
375 3169 449 3212 nova
471 3150 576 3212 tellure
599 3157 686 3230 atque
710 3152 828 3213 aethere
851 3151 957 3212 adulta.
1067 3173 1109 3213 eoo

176 3242 321 3320 principio
344 3257 437 3318 genus
459 3239 582 3300 alituum
605 3242 760 3318 variaeque
783 3238 917 3300 volueres

177 3347 230 3389 ova
252 3328 459 3406 relinquebant
481 3327 616 3388 exclusae
638 3335 771 3407 tempore
794 3345 899 3408 verno,

93 3435 158 3484 ⁴'190
177 3415 321 3477 folliculos
344 3423 377 3477 ut
399 3434 478 3477 nuno
500 3418 605 3476 teretis
627 3423 737 3477 aestate
761 3416 877 3477 cicadae

503 3501 568 3568 111
583 3532 625 3555 =
639 3501 715 3568 tot.
