2430 3878
163 202 228 269 120
648 198 688 253 IV

233 355 264 409 et
285 348 465 426 dispargitur
487 347 523 409 ad
544 349 638 426 partis
660 350 702 409 ita
725 365 856 426 quasque
877 349 1006 408 minutas
1127 367 1164 411 ars

233 438 374 514 corporis.
410 435 458 498 his
481 437 571 514 igitur
593 435 683 497 rebus
705 436 739 496 lit
760 438 910 514 utrimque
932 435 1063 517 duahrrs,

234 541 327 602 acque
347 521 384 585 id
404 531 437 585 ut
459 542 493 584 ac
515 526 597 585 navis
620 523 693 585 velis
715 530 860 604 ventoque
883 524 1002 584 lerehu.

163 630 215 678 800
233 630 288 672 uec
310 619 409 672 tamen
431 611 503 672 illud
526 614 558 673 in
580 611 627 673 his
650 611 740 673 rebus
762 611 896 673 mirabile
919 618 1047 692 constet,

163 717 219 768 896
231 699 343 760 tantula
364 700 443 778 quod
465 705 580 761 tauhun
601 717 709 778 corpus
732 699 907 779 corpuscula
928 708 1053 778 possunt

234 796 430 868 contorquere
452 795 482 850 et
503 805 578 851 0888
601 794 695 850 totum
717 795 888 849 mavortem
911 795 1060 849 noenum:
1128 811 1167 852 ooo

234 879 343 956 quippe
366 877 476 938 etenim
497 882 602 937 ventus
626 875 728 937 88111111
749 894 873 956 corpore
894 879 992 936 tenvis

233 964 326 1025 trudit
348 982 437 1042 agens
460 982 595 1043 magnam
616 982 721 1043 magno
744 964 894 1025 molimine
917 982 1034 1045 navem,

165 1060 390 1118 8058188888
412 1071 472 1114 888
493 1055 570 1131 regit
593 1055 744 1132 quantovis
767 1055 876 1131 impete
899 1059 1020 1113 euntem

163 1148 321 1219 901atque
344 1139 554 1219 gubernaclum
576 1148 751 1219 contorquet
773 1139 904 1219 quolibet
925 1158 1032 1220 unum,

233 1229 392 1310 multaque,
413 1247 468 1308 per
488 1228 614 1291 trocleas
636 1236 667 1289 et
687 1235 832 1309 tympana,
855 1229 985 1307 pondero
1006 1246 1167 1307 magnoaco

235 1324 398 1379 commovet
420 1324 506 1396 atque
528 1317 587 1378 levi
608 1317 736 1378 sustollit
758 1317 892 1378 machina
914 1319 989 1378 nisu.

164 1422 220 1472 855
280 1405 354 1466 illud
376 1407 448 1466 item
470 1423 530 1467 nou
552 1411 598 1466 est
619 1405 799 1485 mirandum,
821 1407 954 1484 corporis
976 1407 1041 1485 ipsa
1128 1423 1167 1466 asa

165 1509 217 1560 870
236 1494 314 1573 quod
336 1501 441 1555 natura
463 1492 562 1553 cibum
584 1496 700 1571 quaerit
721 1496 863 1572 cuiusque
887 1495 1053 1553 animantis.

235 1584 343 1661 quippe
366 1583 476 1642 etenim
498 1582 590 1642 fluere
614 1588 701 1659 atque
724 1581 862 1643 recedere
882 1599 1006 1660 corpora
1024 1580 1114 1642 rebus
1127 1604 1167 1645 seo

234 1669 326 1730 multa
347 1668 443 1730 modis
465 1668 566 1729 multis
589 1669 689 1749 docui,
713 1669 765 1730 sed
786 1669 913 1749 plurima
935 1668 1045 1730 debent

236 1776 272 1819 ex
294 1756 472 1839 animalihu'3
495 1775 573 1835 quoe
595 1759 663 1836 quia
686 1764 754 1818 suut
776 1760 905 1819 exercita
925 1764 1022 1838 motu,

166 1862 223 1913 800
235 1846 327 1907 multa
348 1864 403 1925 per
426 1863 458 1907 08
482 1845 666 1927 exhalantur,
688 1863 757 1907 cum
778 1845 915 1925 languida
937 1844 1089 1927 anhelant,
1128 1869 1168 1909 ses

166 1949 218 2000 878
235 1934 384 2012 multaque
407 1952 461 2012 per
482 1934 621 1995 sudorem
644 1933 760 1994 exalto
783 1952 886 2012 pressa
907 1934 1052 1995 feruntur.
1128 1958 1167 1998 sos

235 2023 282 2082 his
304 2024 395 2101 igitur
416 2021 505 2082 rebus
528 2024 654 2083 rarescit
675 2039 782 2102 corpus
807 2029 838 2082 et
859 2023 956 2082 omnis
1128 2045 1168 2086 scs

221 2110 391 2177 ,subruitur
411 2117 528 2191 umora,
552 2110 635 2171 dolor
657 2128 745 2189 quam
768 2112 959 2188 consequitur
981 2128 1055 2171 rem.

235 2206 392 2278 propterea
414 2200 529 2277 capitur
551 2198 648 2278 cibus,
670 2205 704 2259 ut
726 2198 873 2260 suffulciat
895 2205 986 2259 ortus·

165 2294 267 2354 86581
289 2293 404 2348 recreat
425 2289 504 2347 vires
527 2287 704 2367 interdatus,
727 2293 813 2364 atque
836 2292 984 2365 patentem

165 2390 217 2440 880
235 2393 289 2454 per
311 2374 443 2436 membra
465 2393 499 2435 ac
520 2392 609 2436 venas
631 2381 665 2434 ut
687 2392 816 2435 amorem
839 2381 957 2453 opturet
979 2374 1095 2436 edendi

235 2481 321 2525 umor
342 2465 414 2525 item
438 2462 563 2525 discedit
584 2465 617 2523 in
639 2465 737 2524 omnia
760 2480 835 2541 quae
856 2461 921 2524 loca
943 2481 1070 2542 cumque
1129 2486 1169 2526 oro

235 2557 361 2630 poscunt
382 2568 529 2631 umorom3
552 2550 768 2629 glomerataque
790 2550 881 2613 multa
903 2553 1019 2630 vaporis

236 2656 373 2720 corporo,
396 2656 470 2717 quae
494 2639 642 2699 stomacho
664 2638 808 2718 praebant
828 2638 965 2699 incendia
986 2646 1103 2719 nostro,

166 2742 221 2794 870
235 2726 368 2805 dissupat
390 2726 548 2788 adveniens
570 2727 667 2806 liquor
689 2746 723 2788 ec
744 2729 902 2805 restinguit
923 2733 957 2788 ut
978 2728 1091 2809 ignem,

165 2830 217 2880 885
236 2833 323 2875 urere
346 2832 383 2877 ne
405 2817 500 2894 possit
523 2815 602 2876 calor
624 2814 748 2894 amplius
771 2815 871 2876 aridus
894 2821 984 2875 artus.

237 2905 280 2976 818
302 2906 393 2982 igitur
415 2903 471 2964 tibi
492 2903 595 2965 anhela
618 2906 682 2965 sitis
705 2903 742 2965 de
766 2921 888 2982 corpore
910 2909 1013 2964 nostro
1129 2925 1169 2967 cra

236 2991 378 3074 abluitur,
401 2995 444 3054 sic
467 2991 602 3071 expletur
624 2994 722 3053 ieiuna
744 2991 860 3071 cupido.

281 3080 365 3142 Nunc
383 3080 491 3159 quibus
510 3080 558 3141 ille
576 3080 673 3142 modis
690 3097 810 3141 somnus
824 3098 879 3158 per
892 3078 1025 3141 memhra
1038 3081 1169 3158 quietem

166 3184 221 3237 905
237 3171 345 3247 inriget
367 3177 454 3248 atque
478 3171 568 3230 animi
589 3187 675 3231 curas
699 3187 715 3229 8
737 3175 857 3249 pectore
881 3167 986 3250 solvat,

167 3273 218 3323 800
237 3257 395 3318 suavidicis
417 3260 516 3336 potius
540 3276 627 3336 quam
649 3257 749 3319 multis
772 3256 907 3318 versibus
929 3257 1026 3338 edam,

235 3364 342 3425 parvus
365 3352 398 3406 ut
420 3352 466 3406 est
488 3348 573 3426 cycni
591 3345 697 3407 melior
714 3363 812 3425 canor,
834 3344 884 3406 ille
902 3363 1009 3424 gruum
1026 3362 1118 3424 quam
1130 3366 1170 3408 oro

236 3434 346 3494 clamor
364 3436 396 3495 in
419 3434 558 3495 aetheriis
580 3434 732 3514 dispersus
753 3432 883 3496 nubibus
908 3435 1011 3495 nostri.

224 3529 256 3582 tu
278 3522 357 3584 mihi
380 3522 419 3585 da
443 3525 546 3588 tenuis
569 3541 658 3589 aures
679 3525 870 3600 animumque
891 3539 1040 3600 moenem,
