2430 3878
106 173 128 227 L
467 175 747 231 PROLEGOMENA.

107 324 191 385 tetre
227 325 343 406 scribit,
378 325 477 387 B.llr.:
517 322 642 386 intertre
677 324 735 396 00.
771 323 967 386 tumorum
1001 341 1109 404 corpus

106 410 235 473 relinere
256 409 349 475 solere
371 414 518 474 Marullus.
561 431 619 473 non
642 415 726 474 video
750 432 803 473 cur
826 415 892 491 quis
915 415 946 473 in
969 412 1020 473 illo
1043 430 1109 475 seu

106 494 164 557 lr're
178 495 325 555 olicndere
339 498 477 574 potnerit,
494 497 553 554 vita
569 497 647 554 enim
661 512 721 554 non
736 496 799 553 sinc
814 512 913 573 sensu,
929 512 1036 555 sensus
1050 514 1109 556 non

107 586 243 644 sinesiis
258 591 311 643 est.
321 616 363 625 —
378 582 440 645 172
454 584 483 644 ct
496 575 544 664 (ut
552 576 625 664 00.)
693 583 846 660 terraeque
853 579 969 660 peticus
981 584 1108 664 sequi'

105 666 172 743 th,
193 700 234 708 —
258 675 288 726 et
309 668 365 727 hoc
384 667 503 745 quidem
525 667 607 726 valde
630 669 775 727 Incertum
794 701 835 710 -
854 665 978 729 iutereu
998 666 1109 730 merolus

105 751 161 831 quu'
175 752 314 833 pipuu'tur
331 757 431 816 cestus
449 757 496 816 ei.
512 802 518 814 .
533 802 540 815 .
557 751 718 816 couneus?
737 757 863 834 scripsi:
879 803 884 815 .
900 802 907 815 .
923 803 929 815 .
954 754 1060 817 suavus
1082 757 1110 817 el

105 839 141 902 c'u
159 844 242 903 terra
259 845 370 905 meutes
385 890 392 904 .
407 889 435 904 ..
454 842 512 913 00.
529 841 644 921 petetur
661 860 768 904 saccus
786 845 815 904 et
834 841 869 904 u'u
888 846 971 904 terra
987 843 1019 904 Β.
1037 861 1108 923 scup-

103 947 176 1007 pu8‚
204 930 266 990 Lm.
295 932 346 991 sed
374 950 427 991 cnr
454 933 552 1009 potius
582 950 693 1010 suppus
721 950 807 1010 quam
834 929 967 1011 pronus?
995 931 1108 1010 putus

104 1016 217 1097 sepulc,
244 1020 275 1080 et
293 1017 330 1081 c'u
348 1022 430 1080 terre
446 1019 498 1079 ΜΓ.
518 1052 560 1062 -
581 1013 593 1101 V
607 1012 801 1098 189-195Η
821 1018 903 1079 Bkm.
922 1028 1017 1101 rectc3
1039 1039 1107 1081 nam

14 1108 16 1112 ”
92 1125 172 1189 ιοιιιῑ]
200 1114 229 1166 et
251 1108 307 1168 hoc
334 1107 397 1168 loco
421 1115 450 1167 et
473 1126 508 1167 eo
532 1110 583 1186 qui
609 1110 742 1186 sequitur
769 1105 941 1170 196-202
965 1108 1107 1188 exemplis

106 1214 120 1255 a
145 1194 233 1255 rebus
257 1199 366 1274 apertis
389 1198 488 1274 petitis
506 1228 551 1238 -
569 1196 604 1255 cl.
628 1196 671 1255 ad.
696 1193 759 1256 353
781 1229 823 1238 -
845 1199 936 1257 animi
958 1196 1107 1257 mobilitas

34 1292 37 1300 ⁸
106 1290 214 1361 quanta
241 1285 280 1343 sit
303 1284 455 1364 doceatur,
478 1286 560 1362 prior
582 1284 712 1343 deterior
734 1292 786 1344 cst.
823 1302 915 1363 aquae
939 1287 1019 1344 enim
1043 1303 1106 1345 cor·

106 1370 228 1449 pnscula
258 1375 340 1431 cerni
363 1390 422 1431 non
443 1378 576 1451 possunt,
597 1374 750 1449 papaveris
773 1371 883 1451 globuli
905 1379 1038 1451 possunt.
1061 1406 1107 1418 —

105 1491 148 1500 —
173 1455 235 1520 198
262 1458 475 1538 spicarumque
501 1478 526 1518 v.
549 1478 577 1537 p.
595 1458 665 1519 XIV.
705 1479 792 1538 quam
815 1463 966 1538 ingeniose
989 1463 1106 1540 excogi-

104 1548 173 1605 tatis
197 1550 374 1607 correcturis
397 1550 453 1607 riri
478 1547 642 1606 doctissimi
664 1547 760 1608 locum
783 1567 886 1608 sanum
909 1552 1106 1630 corruperint

104 1652 163 1693 non
178 1642 223 1694 est
237 1654 290 1695 cnr
304 1636 438 1695 referam.
451 1669 496 1678 —
510 1632 575 1696 224
587 1632 658 1698 uilo
671 1632 766 1697 oculus
779 1636 878 1696 Heins.
893 1635 983 1696 Goeh.
994 1645 1105 1716 quaest.

103 1721 219 1783 Lucret.
237 1742 265 1802 p.
280 1721 335 1783 29:
357 1720 405 1784 uc'l
423 1722 630 1794 commoni.
648 1758 692 1768 —
710 1722 773 1785 227
792 1723 827 1785 u'u
845 1742 967 1803 corpore
981 1742 1106 1788 rerum

104 1809 393 1881 unumunurn.
408 1845 450 1855 —
466 1809 528 1872 237
544 1809 679 1874 uur'ruue
692 1813 804 1873 Susem.
818 1811 1105 1892 phi101.xxvl123:

103 1896 204 1959 currui
226 1899 351 1969 OQedd.
381 1932 423 1942 —
456 1896 519 1959 239
546 1898 655 1977 reecpit
678 1916 743 1961 ree
764 1917 855 1978 posse
883 1918 985 1962 creme
1008 1947 1046 1962 ..
1074 1901 1105 1962 B.

103 1995 133 2046 ct
150 1986 217 2046 lle:
240 2034 247 2047 .
267 2034 273 2046 .
291 2004 376 2048 ruens
396 2034 402 2048 .
421 2035 427 2048 .
447 1987 519 2058 oo:
541 1988 607 2047 vide
625 1986 687 2047 Lm.
711 2006 814 2048 comm.
840 2006 928 2067 quem
944 1988 1017 2069 Lm,
1035 2007 1105 2049 con-

103 2074 249 2134 fidentius.
282 2109 323 2118 -
357 2073 421 2137 240
452 2075 658 2154 quaedamque
684 2072 706 2156 †
732 2074 984 2139 renuuntur:
1013 2094 1105 2154 quae·

2 2170 5 2177 '
102 2160 176 2223 elam
197 2161 245 2223 uu's
266 2161 370 2224 meutl'
391 2159 507 2223 volutat
522 2161 584 2222 Lm.
602 2159 729 2241 quidum
753 2162 833 2241 quod
853 2160 1105 2242 munticuluutur,

103 2251 242 2311 audacius
261 2270 348 2330 quam
367 2250 449 2330 solet,
472 2249 657 2329 Bernaysius.
692 2252 721 2312 ei
735 2248 823 2313 homo
840 2269 918 2330 quac
935 2254 1033 2313 ruente
1054 2271 1104 2315 uo-

103 2335 182 2400 luiul
197 2338 259 2418 Mn,
278 2357 404 2417 quorum
426 2338 499 2398 nihil
520 2356 623 2398 verum
646 2357 711 2398 esse
733 2347 839 2417 potest.
866 2373 908 2382 -
936 2336 1001 2401 258
1024 2338 1106 2403 iuter

102 2443 164 2487 sese
194 2426 372 2489 tumtum
401 2418 462 2510 (vel
492 2423 572 2487 luter
601 2443 633 2487 se
659 2427 742 2488 siut
773 2420 899 2512 mictu),
930 2446 967 2488 ne
999 2447 1106 2490 versus

103 2532 224 2573 caesura
244 2521 349 2593 careat,
371 2513 470 2593 philol.
489 2513 590 2573 XXVII
607 2534 635 2593 p.
650 2510 693 2575 35
711 2523 741 2575 et
759 2534 847 2594 supra
870 2535 898 2594 p.
914 2515 988 2576 XIX.
1012 2517 1048 2576 cl.
1068 2516 1105 2578 ad

102 2621 127 2660 v.
151 2598 289 2662 711057
314 2635 356 2644 -
378 2599 519 2663 reticere
544 2599 680 2664 uuleruus
706 2602 738 2662 0.
762 2621 837 2664 corr.
860 2603 912 2664 Mr.
938 2602 1105 2666 reticemus

101 2685 237 2751 valemus
251 2689 309 2760 00.
327 2687 485 2750 retlueruu’
502 2686 633 2752 oulcutes
646 2689 718 2771 Lm,
733 2692 809 2769 quod
824 2699 853 2752 et
866 2695 965 2753 minus
978 2693 1104 2771 simplex

103 2785 132 2837 et
155 2797 171 2837 a
193 2797 226 2838 re
250 2777 355 2838 salsum
378 2785 430 2838 est.
459 2779 494 2838 cl.
517 2778 569 2838 ΜΓ.
593 2786 652 2839 not.
671 2811 714 2821 -
732 2777 795 2841 267
820 2776 907 2842 color
927 2779 1104 2842 Lamb.Mr.:

101 2863 184 2927 culor
207 2865 360 2936 OQLmB.
384 2899 427 2909 -
450 2862 515 2927 274
541 2864 639 2944 iufra
661 2869 783 2947 retinui,
812 2885 871 2927 non
897 2870 960 2928 sine
988 2868 1104 2930 dubito·

104 2956 192 3014 tione.
234 2954 319 3014 aliter
345 2954 381 3014 IV
406 2951 481 3015 139:
504 2953 590 3014 iutro
615 2954 692 3034 Itali,
719 2955 825 3015 Christ.
849 2989 890 2998 —
919 2952 985 3018 284
1012 2953 1120 3020 atlas·

101 3041 200 3120 philol.
219 3041 321 3103 XXVII
344 3041 398 3104 36:
421 3039 495 3104 ulu'r's
517 3042 641 3112 OQedd.
659 3076 704 3086 —
721 3041 785 3104 289
804 3044 919 3106 uerius
941 3042 1000 3115 00.
1023 3042 1104 3106 uere>

101 3125 157 3190 bus
179 3128 426 3191 Lsmb.Lm.B.Mr.
446 3131 481 3190 cl.
500 3150 528 3209 p.
542 3130 589 3190 XI.
603 3163 647 3174 -
663 3128 726 3191 297
743 3133 892 3210 yemeutes
908 3125 920 3205 V
937 3152 954 3189 s
971 3150 1026 3194 uec
1045 3179 1052 3193 .
1072 3181 1078 3194 .
1096 3125 1118 3193 .“

95 3219 228 3295 possunt
242 3211 254 3299 Η
271 3219 306 3279 cl.
321 3238 348 3298 p.
363 3218 472 3278 XXVII.
483 3251 525 3260 -
536 3216 599 3279 298
614 3227 680 3296 post
694 3216 758 3280 295
768 3219 829 3279 Lm.
839 3253 883 3263 -
893 3217 958 3281 304
968 3219 1104 3304 fumida,

99 3304 281 3384 suffuudeus
316 3302 383 3389 (pro
412 3303 552 3385 fumidus
583 3305 740 3385 cffuudeus
771 3302 846 3391 Ital.)
943 3306 1104 3372 umbram

100 3393 133 3455 0.
156 3391 267 3456 urubru
289 3394 321 3465 Q.
345 3396 380 3455 cl.
403 3394 456 3455 Mr.
479 3401 537 3454 not.
556 3394 577 3454 I.
597 3428 638 3437 -
658 3393 722 3458 306
744 3393 977 3475 interutrasque
999 3395 1104 3461 30αεί

96 3476 192 3562 (eltae
219 3476 292 3566 00.)
320 3500 419 3545 cervos
440 3499 601 3562 saeuosque
623 3479 732 3546 leuues:
757 3486 975 3564 interutrasque
998 3518 1042 3529 —
1066 3486 1101 3546 cl.
