2430 3878
586 201 626 256 VI
1045 200 1108 266 173

157 365 232 407 nam⁴
247 346 323 408 bene
347 349 398 426 qui
421 346 551 408 didicere
574 348 645 409 deos
669 366 805 409 securum
832 367 918 427 agere
942 366 1056 431 aevom,
1083 371 1109 412 ss

158 437 185 495 si
206 441 305 496 tamen
327 437 440 496 interea
462 437 608 497 mirantur
632 454 688 515 qua
710 439 824 498 ratione

99 530 141 581 60
159 541 291 602 quaeque
315 527 378 602 geri
400 526 529 606 possint,
550 527 724 604 praesertim
747 524 837 586 rebus
860 527 891 585 in
914 525 973 585 illis
1082 548 1109 589 co

158 629 232 690 quae
257 630 364 690 supera
386 619 474 690 caput
496 613 635 673 aetheriis
658 619 820 674 cernuntur
842 615 873 673 in
897 616 971 695 oris,

100 716 138 764 60
157 718 261 760 narsus
284 702 316 759 in
339 702 473 778 antiquas
496 702 666 762 referuntur
688 699 840 780 religionis

158 795 188 848 et
209 789 344 848 dominos
367 791 444 849 acris
467 788 648 870 adsciscunt,
671 792 769 849 omnia
791 807 878 868 posse

95 901 96 906 ¹
158 894 231 954 quos
253 878 357 937 miseri
380 877 516 958 credunt,
539 879 635 956 ignari
658 876 728 956 quid
753 883 840 956 queat
863 895 942 958 esse,

103 970 140 1021 65
157 964 228 1043 quid
251 970 390 1044 nequeat,
413 965 495 1025 linita
517 973 648 1043 potestas
671 966 799 1043 denique
822 967 928 1044 cuique
1037 997 1039 1001 ·

157 1071 283 1132 quanam
307 1055 345 1113 sit
367 1054 481 1112 ratione
504 1059 591 1132 atque
615 1053 672 1113 alte
694 1056 839 1114 terminus
860 1053 1000 1135 haerens3

100 1156 137 1205 65
157 1159 215 1220 quo
237 1143 330 1219 magis
353 1134 486 1201 errantes
509 1159 596 1202 caeca
618 1143 730 1202 ratione
751 1141 894 1202 seruntur.

157 1247 230 1307 quae
253 1231 313 1289 nisi
334 1231 451 1307 respuis
474 1246 509 1289 ex
532 1231 629 1289 animo
652 1229 796 1308 longeque
819 1231 947 1290 remittis

156 1317 202 1377 dis
224 1316 345 1396 indigna
366 1324 471 1395 putare
494 1317 647 1396 alienaque
669 1319 751 1396 pacis
774 1335 890 1399 eorum,

101 1411 139 1463 70
156 1404 281 1465 delibata
304 1405 392 1465 deum
414 1423 468 1483 per
490 1412 519 1466 te
541 1405 597 1465 tibi
620 1408 741 1465 numina
764 1413 864 1466 sancta

156 1511 242 1572 saepe
266 1492 404 1574 oberunt,
426 1511 487 1553 non
510 1511 568 1572 quo
590 1493 693 1553 violari
716 1511 829 1554 summa
852 1493 940 1554 deum
962 1495 1007 1555 ris

101 1596 137 1647 *ιο
153 1583 261 1661 possit,
284 1588 317 1641 ut
339 1600 375 1641 ex
397 1584 442 1641 ira
464 1599 574 1660 poenas
595 1588 696 1660 petere
719 1580 834 1642 inbibat
855 1584 945 1664 acris,

155 1670 207 1729 sed
231 1671 298 1748 quia
320 1675 383 1730 tute
405 1668 461 1729 tibi
483 1669 597 1748 placida
620 1688 686 1730 cum
708 1687 781 1748 pace
804 1671 919 1749 quietos

155 1760 316 1818 constitues
339 1775 460 1836 magnos
483 1759 594 1818 irarum
616 1757 732 1818 volvere
754 1757 875 1838 fluctus,

100 1852 137 1903 75
155 1863 209 1906 nec
231 1845 353 1906 delubra
376 1846 464 1906 deum
486 1845 600 1924 placido
624 1864 692 1907 cum
713 1852 833 1924 pectore
856 1845 965 1928 adibis,

154 1952 209 1994 nec
232 1933 268 1993 de
292 1951 414 2012 corpore
439 1951 513 2012 quae
536 1940 637 1994 sancto
660 1933 815 1994 simulacra
838 1933 973 1995 seruntur

101 2038 135 2086 75
154 2023 186 2081 in
208 2028 322 2081 mentes
344 2021 498 2082 bominum
521 2022 635 2081 divinae
657 2023 760 2082 nuntia
782 2021 907 2102 formae,

155 2112 305 2188 suscipere
327 2109 400 2170 haec
423 2111 515 2170 animi
536 2109 694 2188 tranquilla
716 2127 787 2188 pace
810 2108 928 2170 valebis.

153 2198 222 2258 inde
244 2193 345 2258 videre
367 2197 438 2258 licet
460 2197 554 2276 qualis
577 2200 636 2258 iam
658 2200 717 2258 vita
740 2203 887 2275 sequatur.

100 2290 139 2341 80
155 2303 242 2364 quam
266 2285 385 2364 quidem
406 2292 440 2346 ut
462 2305 478 2346 a
501 2285 587 2346 nobis
609 2287 684 2346 ratio
707 2286 860 2345 verissima
882 2284 968 2364 longe

153 2376 268 2455 reiciat,
292 2391 469 2453 quamquam
493 2377 561 2434 sudt
584 2393 600 2434 a
622 2392 669 2434 me
692 2372 784 2433 multa
804 2373 948 2455 prolecta,

99 2475 135 2525 80
153 2461 245 2522 multa
267 2469 366 2522 tamen
388 2469 502 2522 restant
524 2469 554 2522 et
576 2468 645 2523 sunt
667 2462 798 2521 ornanda
819 2461 918 2539 politis

152 2549 299 2610 versibus:
323 2557 369 2610 est
390 2553 465 2610 ratio
489 2550 563 2611 caeli
585 2550 731 2629 nubisque
753 2547 902 2632 ponenda,

154 2645 223 2697 sunt
244 2645 434 2716 tempestates
457 2646 486 2698 et
508 2637 630 2698 fulmina
653 2638 731 2698 clara
753 2638 896 2719 canenda,

98 2731 136 2780 85
154 2727 205 2802 qui
227 2726 299 2786 liant
322 2732 351 2786 et
374 2744 430 2805 qua
454 2727 489 2786 de
513 2745 601 2787 causa
623 2745 749 2806 cumque
771 2726 917 2807 ferantnr3

152 2831 190 2873 ne
212 2815 343 2892 trepides
366 2814 439 2875 caeli
461 2814 563 2875 divisis
585 2814 719 2893 partibus
742 2832 855 2895 amens,

97 2914 132 2964 85
151 2901 230 2961 unde
252 2901 353 2962 volans
376 2904 453 2980 ignis
475 2905 644 2981 pervenerit
666 2904 770 2963 autin
792 2908 889 2962 utram
912 2920 943 2962 se

151 2991 274 3049 verterit
295 2990 364 3051 binc
387 2992 507 3070 partim,
531 3009 587 3069 quo
610 2997 695 3069 pacto
718 3008 772 3068 per
794 2989 858 3050 loca
881 2997 963 3068 septa

152 3079 324 3158 insinuarit,
347 3085 377 3138 et
398 3078 468 3139 binc
490 3079 657 3139 dominatus
679 3084 713 3138 ut
736 3077 874 3138 extulerit
897 3096 937 3138 se.

97 3171 135 3221 90
152 3182 277 3243 quorum
301 3184 423 3245 operum
447 3184 550 3227 causas
572 3166 652 3227 nulla
674 3167 787 3226 ratione
810 3165 909 3225 videre

151 3261 332 3331 possunt-ac
354 3255 420 3314 lieri
443 3255 541 3315 divino
565 3257 684 3316 numine
708 3260 819 3314 rentur.

98 3356 133 3406 90
151 3348 184 3402 tu
206 3341 279 3401 mihi
303 3360 456 3420 supremae
479 3345 661 3421 praescripta
684 3343 719 3403 ad
743 3341 865 3402 candida
888 3342 977 3403 calcis

152 3432 283 3490 currenti
306 3433 432 3509 spatium
455 3437 671 3512 praemonstra,
694 3428 796 3491 callida
820 3448 905 3491 musa

362 3515 419 3596 [56
439 3517 497 3600 sq]
512 3545 553 3569 =
568 3516 611 3583 98
630 3537 676 3600 sq.
693 3512 751 3605 <so
770 3511 843 3602 sqq.
