2430 3878
102 173 145 237 48
588 171 615 224 Π

101 327 153 377 tro
171 326 315 399 perpetuo
338 336 435 398 neque
458 320 489 378 in
512 325 665 378 aeternum
689 317 815 397 sepelire
839 316 983 398 salutem,

172 426 227 468 neo
249 425 338 486 porro
361 425 463 467 rerum
486 406 629 485 genitales
652 407 838 484 auctificique

172 502 270 556 motus
292 502 436 575 perpetuo
458 501 585 574 possunt
607 513 725 554 servare
749 500 855 555 creata.

173 586 216 644 sio
239 602 333 663 aequo
356 586 469 662 geritur
492 585 653 643 certamine
676 585 892 662 principiorum

173 691 210 732 ex
232 674 348 732 infinito
372 678 555 732 contractum
577 679 710 750 tempore
732 670 851 731 bellum.

103 768 155 818 575
173 779 252 820 5555
274 760 323 820 hio
346 779 426 820 nunc
448 758 509 819 illic
533 766 674 838 superant
696 758 794 819 vitalia
816 776 933 838 rerum,

174 855 204 908 51
226 855 404 928 superantur
426 850 505 908 item.
541 850 685 908 miscetur
707 848 811 907 funere
833 864 938 927 vagor,

175 955 262 1016 quem
285 939 371 1015 pueri
393 935 499 996 tollunt
521 938 644 996 visentis
667 935 789 996 luminis
812 953 892 1016 oras3

174 1044 229 1085 nec
251 1043 310 1085 nox
332 1024 391 1085 ulla
415 1025 493 1084 diem
516 1043 612 1103 neque
635 1031 752 1084 noctem
775 1041 881 1084 aurora
904 1028 1055 1103 secutast,

175 1132 249 1193 quae
272 1132 332 1173 non
355 1113 481 1174 audierit
502 1115 610 1173 mixtos
632 1111 779 1190 vagitibus
801 1113 898 1189 aegris

105 1210 156 1259 550
175 1201 306 1281 ploratus
329 1205 433 1261 mortis
457 1203 579 1261 comites
603 1207 633 1260 51
655 1201 768 1261 1555515
791 1202 856 1260 atri.

217 1289 292 1350 Illud
315 1292 347 1350 in
369 1290 416 1349 his
439 1288 625 1368 obsignatum
649 1307 765 1368 quoque
788 1287 878 1348 rebus
900 1287 1014 1349 habere

176 1380 312 1438 convenit
335 1384 365 1438 51
387 1380 512 1437 memori
533 1377 703 1437 mandatum
726 1383 824 1436 mente
846 1382 964 1457 tenere,

175 1465 218 1526 nil
241 1484 320 1545 esse,
343 1468 374 1525 in
396 1472 535 1545 promptu
558 1483 684 1544 qnorum
706 1472 811 1525 natura
832 1463 963 1545 videtur,

176 1554 254 1632 quod
277 1571 385 1632 genere
409 1572 444 1613 ex
468 1572 528 1613 uno
551 1555 693 1614 consistat
714 1554 942 1632 principiorum,

106 1649 157 1698 585
176 1661 231 1703 555
255 1645 412 1721 quicquam
435 1642 513 1721 quod
536 1660 595 1702 non
617 1644 763 1721 permixto
787 1642 900 1701 semine
924 1648 1054 1703 constet

176 1738 207 1792 et
228 1731 433 1809 quodcumque
455 1732 549 1807 magis
572 1733 616 1789 vis
640 1729 746 1790 multas
769 1728 903 1808 possidet
924 1730 957 1788 in
981 1747 1015 1790 se

176 1826 262 1897 atque
285 1824 460 1898 potestates,
482 1820 523 1878 ita
545 1817 672 1897 plurima
693 1819 909 1897 principiorum

176 1909 207 1967 in
231 1924 296 1966 sese
318 1924 427 1984 genera
450 1924 484 1965 ac
505 1908 600 1966 varias
624 1906 710 1966 docet
732 1924 798 1966 esse
821 1906 939 1984 figuras.

175 1996 322 2074 principio
344 1993 432 2054 tellus
455 1993 544 2054 hahet
566 1997 598 2055 in
621 2013 652 2054 se
676 2013 800 2073 corpora
822 1996 931 2073 prima,

106 2090 158 2139 590
176 2083 254 2143 unde
278 2100 358 2142 mare
381 2085 549 2143 inmensum
572 2082 721 2143 volventes
744 2083 853 2160 frigora
877 2082 975 2142 sontes

176 2170 298 2231 adsidue
320 2178 475 2251 renovent,
497 2169 586 2232 habet
607 2173 692 2249 ignes
714 2170 793 2230 unde
818 2171 964 2230 oriantur:

175 2278 243 2321 nam
265 2259 367 2320 multis
390 2277 530 2320 succensa
553 2259 627 2319 locis
649 2259 755 2319 ardent
777 2257 839 2318 sola
861 2265 975 2339 terrae,

176 2350 292 2408 eximiis
315 2365 385 2408 vero
408 2348 480 2408 furit
502 2347 620 2425 ignibus
643 2349 770 2426 impetus
793 2347 918 2427 Aetnae,

176 2443 239 2496 tum
261 2454 351 2514 porro
373 2436 482 2495 nitidas
505 2436 605 2514 fruges
628 2434 805 2513 arbustaque
828 2433 905 2494 laeta

106 2530 157 2579 595
176 2523 314 2601 gentihus
336 2523 472 2584 humanis
494 2522 584 2583 hahet
605 2523 683 2583 unde
707 2522 846 2584 extollere
869 2524 978 2604 possit,

175 2612 254 2671 unde
278 2612 366 2670 etiam
388 2611 493 2670 fluvios
515 2611 634 2671 frondes
658 2617 688 2671 et
709 2609 816 2690 pabula
838 2610 914 2670 laeta

176 2701 342 2776 montivago
365 2701 469 2776 generi
490 2701 585 2777 possit
606 2697 749 2778 praebere
773 2699 911 2759 ferarum.

177 2805 266 2867 quare
288 2804 394 2865 magna
416 2786 505 2846 deum
525 2793 621 2847 mater
642 2793 795 2866 materque
818 2787 949 2848 serarum

177 2884 207 2937 et
228 2877 322 2935 nostri
345 2877 480 2953 genetrix
502 2875 575 2936 haec
598 2875 705 2936 dictast
727 2877 860 2954 corporis
883 2893 951 2936 una.

106 2971 157 3020 ooo
219 2964 306 3024 Hane
323 2971 438 3024 veteres
462 2962 583 3024 Graium
606 2963 685 3024 docti
708 2965 843 3024 cecinere
866 2968 972 3042 poetae

176 3139 296 3201 sedibus
319 3143 351 3200 in
374 3159 464 3201 curru
486 3140 603 3219 biiugos
626 3143 737 3219 agitare
760 3140 875 3220 leones,

175 3231 252 3288 55515
275 3231 307 3288 15
329 3231 423 3307 spatio
446 3247 582 3306 magnam
604 3229 735 3307 pendere
759 3228 899 3288 docentes

175 3316 326 3397 tellurem,
349 3335 445 3396 neque
467 3334 555 3395 posse
579 3319 610 3377 in
632 3324 712 3377 15555
734 3318 840 3376 sistere
862 3323 983 3378 terram.

175 3404 335 3465 adiunxere
360 3406 450 3485 ieras,
474 3407 542 3483 quia
566 3407 698 3483 quamvis
722 3405 811 3465 511555
832 3404 932 3485 proles

97 3501 153 3549 eoo
170 3494 280 3554 51115115
303 3492 392 3555 dehet
414 3492 525 3555 molliri
546 3495 624 3554 ricta
644 3500 808 3575 parentum.
