2430 3878
98 173 161 237 156
585 169 611 225 V

167 324 197 379 et
218 316 355 378 manibus
377 323 472 377 totum
496 317 608 377 circum
631 333 663 377 se
687 322 802 376 vertere
826 315 949 377 caelum.
1059 336 1095 378 oo

167 425 235 467 nam
259 405 337 486 quod
359 404 451 466 multa
473 404 556 465 lucre
579 406 722 465 interris
746 406 859 464 semina
882 422 985 464 rerum

167 501 299 575 tempore
324 512 382 572 qno
404 495 533 573 primum
554 492 643 553 tellus
666 492 803 553 animalia
825 492 915 573 ludit,

98 581 210 650 nonnil
231 590 330 644 tammo
353 588 399 643 est
422 583 500 660 signi
522 582 629 641 mixtas
651 582 784 660 potuisse
808 583 904 641 creari

97 679 153 730 916
168 673 247 731 inter
269 689 301 732 se
323 669 452 750 pecudes
475 677 683 749 compactaque
707 667 839 729 membra
861 671 1056 750 animantum,

167 766 324 840 propterea
343 760 412 838 quia
430 775 504 837 quae
519 757 554 818 de
569 759 658 817 terris
671 775 751 818 nuno
766 775 883 836 quoqne
898 757 1097 820 abundantem

168 846 327 909 herbarum
350 864 458 924 genera
481 864 515 907 ac
537 845 637 923 fruges
661 844 839 924 arbustaque
863 844 939 906 laeta

168 953 228 996 non
250 942 350 996 mmen
371 937 449 994 inter
472 952 504 994 se
526 941 651 1014 possunt
673 933 825 1013 complexa
848 936 956 1014 creari,

99 1040 150 1090 910
170 1023 221 1085 sed
244 1041 293 1084 res
317 1040 450 1102 quaeque
473 1039 527 1082 suo
550 1024 610 1083 ritu
632 1022 779 1102 procedit,
802 1028 832 1082 et
855 1040 958 1083 omnes

99 1119 151 1171 921
166 1111 285 1173 loedere
307 1118 428 1172 naturae
452 1116 533 1171 certo
556 1110 728 1171 discrimina
751 1116 876 1170 servant.

213 1200 250 1260 At
272 1217 364 1279 genus
386 1199 547 1260 humanum
569 1197 661 1259 multo
684 1199 740 1259 luit
763 1198 835 1259 illud
858 1199 890 1258 in
912 1201 991 1259 arvis
1062 1220 1100 1261 eve

170 1288 286 1369 durius,
308 1295 342 1348 ut
364 1287 476 1368 decuit,
498 1286 585 1348 tellus
609 1286 686 1367 quod
711 1287 784 1347 dura
807 1293 950 1368 creasset,

171 1384 201 1436 ct
221 1375 382 1437 maioribus
405 1383 436 1436 et
458 1375 560 1436 solidis
584 1377 676 1454 magis
700 1374 817 1435 ossibus
841 1376 921 1435 intus

100 1480 152 1531 916
171 1464 338 1544 fundatum,
360 1463 464 1524 validis
487 1470 588 1543 aptum
610 1481 664 1543 per
686 1464 799 1524 viscera
821 1464 935 1544 nervis,

100 1561 159 1612 926
169 1571 225 1613 neo
248 1550 333 1612 facile
357 1569 393 1612 ex
416 1558 500 1612 aestu
522 1570 578 1612 nec
599 1551 709 1630 frigore
733 1550 812 1629 quod
835 1557 1004 1633 caperetur,

170 1658 226 1701 nec
248 1642 376 1701 novitate
400 1639 459 1699 cibi
481 1656 536 1700 nec
559 1638 619 1699 labi
640 1641 773 1719 corporis
796 1637 863 1700 ulla.
1063 1661 1102 1702 ooo

170 1727 320 1806 multaque
343 1745 398 1807 per
420 1727 533 1787 caelum
556 1727 626 1787 solis
650 1728 793 1788 volventia
816 1725 909 1787 lustra

170 1815 319 1895 volgivago
342 1817 432 1875 vitam
455 1814 619 1876 tractabant
640 1834 723 1876 more
746 1815 882 1876 ferarum.

101 1921 153 1970 920
171 1923 227 1965 nec
249 1903 388 1964 robustus
412 1910 475 1964 erat
497 1905 581 1964 curvi
602 1903 771 1964 moderator
793 1905 884 1964 aratri

100 2001 153 2053 931
171 1994 340 2073 quisquam,
362 2010 418 2052 nec
441 1991 534 2052 scibat
556 1992 635 2052 ferro
658 1990 791 2052 molirier
813 2009 881 2052 arva

170 2099 226 2141 nec
248 2098 323 2141 nova
345 2080 483 2141 defodere
507 2082 670 2140 interram
693 2079 818 2158 virgulta
840 2098 936 2158 neque
960 2079 1027 2140 altis
1063 2101 1103 2141 eos

171 2168 327 2229 arboribus
349 2175 465 2229 veteres
488 2168 625 2229 decidere
648 2167 764 2229 falcibu'
786 2186 892 2228 ramos.

172 2257 250 2337 quod
274 2255 318 2318 sol
341 2264 428 2335 atquc
451 2255 562 2317 imbres
586 2255 736 2336 dederant,
759 2255 836 2334 quod
860 2265 941 2316 terra
964 2262 1078 2316 crearat

100 2361 152 2411 nnn
171 2353 276 2424 sponte
300 2363 365 2426 sua,
390 2346 460 2405 satis
484 2344 512 2404 id
536 2342 669 2423 placabat
690 2351 810 2422 pectora
832 2343 950 2404 donum.

99 2440 155 2491 936
172 2432 349 2512 glandiferas
372 2435 451 2493 inter
474 2432 616 2494 curabant
638 2450 762 2510 corpora
785 2450 912 2510 quercus

170 2520 359 2599 plerumque:
382 2527 412 2580 et
434 2539 508 2598 quae
531 2539 611 2580 nunc
632 2519 757 2580 hiberno
780 2527 913 2598 tempore
937 2522 1036 2580 cernis
1066 2541 1105 2581 erc

172 2607 266 2668 arbita
289 2610 414 2686 puniceo
438 2608 504 2668 fieri
526 2615 641 2669 matura
664 2607 775 2688 colore,

169 2695 296 2774 plurima
318 2703 382 2756 tum
403 2695 491 2756 tellus
515 2698 603 2757 etiam
625 2698 736 2757 maiora
758 2695 880 2757 ferebat.

101 2800 151 2850 930
170 2783 318 2864 multaque
342 2792 495 2864 praeterea
518 2787 632 2845 novitas
653 2791 718 2846 tum
741 2783 845 2845 ilorida
867 2783 974 2844 mundi

100 2871 275 2951 941pabula
297 2872 371 2933 dura
393 2871 474 2952 tulit,
496 2873 614 2933 miseris
637 2871 810 2933 mortalibus
833 2871 938 2951 ampla.

170 2968 199 3021 at
222 2961 326 3021 sedare
349 2963 430 3021 sitim
453 2959 535 3021 ilnvii
556 2961 712 3040 sontesque
736 2959 893 3040 vocabant,
1069 2979 1107 3042 sn

169 3055 203 3110 ut
224 3067 304 3109 nunc
325 3048 514 3118 montibnse
538 3051 653 3128 magnis
677 3048 821 3109 decursus
846 3049 933 3127 aquai

169 3136 261 3215 largn'
284 3139 355 3197 citat
377 3136 435 3197 late
459 3138 590 3197 sitientia
613 3137 709 3198 saecla
733 3136 871 3198 ferarum.

99 3242 150 3292 999
170 3224 297 3303 denique
320 3231 389 3285 nota
412 3226 478 3303 vagi
500 3223 647 3286 silvestria
670 3224 779 3304 templa
801 3223 942 3304 petebant

98 3320 153 3373 946
169 3313 378 3392 nympharum,
401 3312 509 3392 quibus
532 3331 548 3374 e
573 3312 688 3374 scibant
710 3313 815 3373 umori'
838 3313 949 3373 lluenta

169 3400 284 3461 lubrica
305 3399 439 3479 proluvie
464 3399 545 3480 larga
567 3400 664 3462 lavere
687 3401 786 3462 umida
813 3419 895 3482 saxa,
1070 3421 1112 3464 oso

165 3487 265 3551 umida
289 3507 375 3571 saxa,
401 3507 492 3572 snper
513 3489 605 3550 viridi
625 3488 765 3550 stillantia
786 3507 902 3569 musco,
