2430 3878
144 199 209 264 124
628 196 669 253 IV

228 349 297 426 pusi
319 363 406 424 saepe
429 345 524 406 lacum
546 352 668 425 propter
691 347 718 406 si
739 363 773 405 ac
795 343 874 405 dolia
896 347 981 405 curta

141 450 217 503 102⁰
230 452 333 494 somno
356 433 486 494 devincti
508 433 632 494 creduut
654 451 687 494 00
711 431 850 493 extollere
872 439 999 512 uestem,

143 525 321 590 1000101100
343 540 477 582 umorem
500 529 647 582 saccatum
670 521 795 600 corpori'
818 521 957 600 fundunt,

231 629 297 671 cum
319 609 495 690 babylonica
517 610 672 688 magnifico
694 608 851 688 splendore
874 610 1016 688 rigantur.

229 705 293 759 tum
316 697 423 777 quibus
446 700 550 758 aetatis
572 698 648 758 freta
669 700 808 776 primitus
829 698 998 757 insinuatur
1096 716 1144 759 roso

230 805 345 867 semen,
367 786 419 846 ubi
441 788 505 865 ipsa
528 786 591 846 dics
613 785 755 846 membris
777 792 892 845 matura
912 784 1037 864 creavit,

142 890 218 942 1025
229 876 407 935 conveniunt
430 873 586 934 simrdacra
608 874 681 934 loris
704 891 720 934 0
742 891 867 952 corpore
891 890 1022 953 quoque,

143 978 212 1029 1010
230 964 333 1023 nuntia
354 962 499 1042 praeclari
521 960 616 1021 voltus
639 961 813 1040 pulchrique
837 959 958 1041 coloris,

231 1053 282 1129 qui
306 1053 364 1110 ciet
386 1051 511 1110 inritans
533 1049 598 1110 loca
619 1049 737 1128 turgida
759 1051 872 1109 semine
894 1048 1002 1128 mrdto,

230 1145 264 1198 ut
282 1140 366 1218 quasi
385 1140 541 1198 transactis
561 1155 647 1216 saepe
668 1136 795 1198 omnibu’
808 1136 890 1198 rebu'
903 1135 1083 1216 prolimdant
1097 1155 1146 1198 roes

230 1226 361 1286 fluminis
384 1228 513 1305 ingentis
536 1226 643 1286 lluctus
666 1233 837 1304 vestemque
860 1231 1024 1286 cruentant.
1096 1247 1147 1287 ross

140 1328 216 1381 1032
231 1333 356 1393 namque
380 1314 451 1374 alias
474 1314 553 1374 aliud
575 1332 624 1374 res
648 1320 811 1374 commovet
833 1320 920 1392 atque
943 1312 1075 1374 lacessit:
1098 1335 1147 1375 000

144 1418 213 1468 1010
232 1421 268 1463 ex
290 1402 408 1462 homine
429 1402 590 1462 humanum
607 1420 711 1462 semen
729 1404 788 1462 ciet
805 1419 863 1462 una
880 1401 1010 1462 bominis
1028 1403 1148 1464 11000

143 1505 217 1557 1030
274 1489 455 1550 Sollicitatur
476 1490 508 1549 id
530 1488 566 1550 00
587 1489 687 1571 nobis,
710 1490 788 1569 quod
811 1490 940 1550 diximus
960 1494 1043 1568 aute,
1097 1513 1147 1554 00

232 1596 346 1657 semen,
369 1577 467 1638 adulta
488 1584 568 1638 aetas
591 1581 809 1657 cumprimum
832 1577 952 1638 roborat
973 1583 1063 1638 00100
1096 1601 1148 1642 rosa

231 1665 310 1744 quod
333 1665 531 1744 simulatque
554 1668 617 1726 suis
641 1669 767 1726 eiectum
790 1665 909 1726 sedibus
932 1668 1006 1747 cuit,
1097 1688 1147 1729 1041

143 1769 216 1820 1035
231 1772 286 1833 per
308 1752 440 1813 membra
463 1760 550 1832 atque
573 1760 654 1814 artus
677 1753 794 1815 decedit
816 1772 939 1832 corpore
962 1761 1038 1837 toto,

144 1857 213 1907 1020
231 1844 263 1901 10
285 1841 349 1902 loca
372 1843 549 1902 conveniens
572 1859 732 1902 nervorum
754 1849 847 1923 certa,
872 1843 989 1921 cietque

232 1932 371 1989 continuo
393 1931 487 2008 partis
509 1930 645 2008 genitalis
668 1933 801 2010 corporis
823 1933 920 2009 ipsas..

231 2020 350 2078 inritata
372 2023 487 2078 tument
509 2017 573 2078 loca
594 2020 721 2098 semine,
744 2019 834 2097 fitque
857 2017 992 2078 voluutas
1094 2038 1146 2080 000

231 2108 328 2166 010000
351 2105 382 2165 id
406 2124 464 2184 quo
488 2124 520 2166 se
543 2107 693 2166 contendit
715 2106 779 2166 dira
800 2105 914 2187 lubido,
1097 2129 1148 2168 1046

143 2209 215 2260 1040
230 2194 320 2273 idque
342 2195 418 2273 petit
441 2212 561 2275 corpus,
583 2212 667 2254 mens
690 2194 797 2254 undest
820 2196 918 2255 saucia
941 2211 1055 2254 amores
1097 2217 1149 2256 rose

145 2295 213 2347 1025
232 2300 358 2361 namque
381 2300 484 2342 omnes
505 2281 679 2361 plerumque
702 2282 810 2342 cadunt
832 2285 864 2342 10
881 2281 998 2363 vulnus,
1020 2288 1052 2342 ct
1068 2281 1147 2342 illam

232 2372 339 2430 emicat
360 2371 393 2430 in
414 2376 529 2449 partem
553 2373 685 2450 sanguis,
707 2370 785 2431 uude
808 2372 915 2430 icimur
937 2372 1033 2450 ictu,¹
1097 2392 1149 2432 noco

232 2460 311 2518 etsi
334 2460 498 2518 comminus
521 2463 579 2539 cst,
601 2459 717 2518 bostem
739 2457 829 2519 ruber
852 2465 976 2537 occupat
998 2475 1092 2518 umor.

233 2547 276 2604 sic
298 2546 390 2622 igitur
411 2544 534 2606 Veneris
557 2547 608 2624 qui
629 2545 696 2606 telis
720 2548 827 2625 accipit
848 2548 940 2627 ictus,

146 2633 294 2697 10450100
317 2650 392 2710 puer
415 2632 555 2693 membris
579 2633 772 2695 muliebribus
794 2634 874 2694 bunc
896 2632 1040 2695 iaculatur

146 2735 214 2784 1030
232 2737 287 2780 seu
308 2719 416 2780 mulier
438 2727 499 2781 toto
522 2723 634 2781 iactam
656 2740 673 2782 0
697 2740 820 2800 corpore
843 2739 987 2804 amorem,

233 2807 311 2868 unde
334 2808 452 2889 feritur,
474 2827 510 2869 eo
533 2809 642 2890 tendit,
663 2812 811 2888 gestitque
833 2810 913 2870 coire
1099 2830 1150 2872 000

233 2902 263 2956 01
285 2898 381 2957 iacere
404 2914 539 2957 umorem
561 2899 594 2958 in
615 2915 723 2976 corpus
747 2897 783 2958 de
807 2916 930 2976 corpore
953 2897 1088 2958 ductum:

233 3001 359 3062 namque
382 2983 561 3063 voluptatem
582 2988 731 3064 praesagit
752 2992 833 3046 muta
856 2985 970 3065 cupido.

145 3087 218 3139 1050
275 3071 353 3132 llaec
371 3071 470 3134 Venus
490 3080 536 3133 est
553 3073 651 3133 nobis:
671 3073 740 3134 biuc
758 3081 884 3134 autemst
899 3092 1018 3135 momen
1032 3076 1152 3156 amoris,

145 3175 214 3225 1030
232 3159 302 3220 binc
325 3159 417 3221 illaec.
453 3163 583 3241 primum
605 3161 726 3222 Veneris
750 3161 914 3223 dulcedinis
937 3164 968 3222 10
991 3180 1044 3222 cor

234 3247 353 3309 stillavit
375 3255 470 3330 grutta,
493 3257 523 3310 01
546 3252 690 3310 successit
713 3250 819 3328 frigida
842 3268 925 3311 cura:
1100 3273 1153 3313 roco

232 3354 301 3396 nam
320 3339 346 3396 si
365 3336 449 3398 abest
466 3337 546 3416 quod
565 3356 641 3419 aves,
659 3345 776 3417 praesto
796 3338 952 3399 simulacra
970 3345 1069 3399 tamen
1084 3347 1153 3400 suut

232 3423 312 3484 illius
335 3432 366 3485 ct
387 3443 494 3486 nomen
519 3425 603 3486 dulce
626 3425 800 3487 obversatur
822 3426 858 3487 ad
881 3427 969 3488 auris.

508 3510 628 3596 [1000
641 3511 796 3576 macas.
