2430 3878
404 770 807 858 PROLudouuNd.

193 1049 318 1110 Carmen
331 1047 541 1108 Lucretianum
560 1067 628 1109 eum
647 1056 676 1109 et
693 1051 827 1128 proximo
847 1048 963 1109 saeculo
979 1055 1008 1109 ct
1021 1049 1109 1110 huius

103 1138 214 1200 saeculi
240 1139 347 1217 primis
374 1135 476 1196 lustris
504 1136 539 1196 ab
567 1136 736 1197 hominibus
763 1139 844 1197 omni
870 1137 917 1198 331
941 1156 1041 1198 rerum
1063 1137 1110 1198 331

103 1230 176 1288 artis
203 1229 308 1286 notitia
337 1225 487 1285 destitutis
514 1232 564 1285 aut
585 1227 751 1286 temerariis
773 1224 820 1284 vel
843 1225 958 1286 stolidis
981 1226 1109 1286 incredi-

103 1315 193 1376 bilem
216 1317 248 1375 13
270 1314 391 1374 modum
414 1321 586 1391 corruptum
609 1319 696 1394 esset,
719 1315 849 1373 restituit
871 1314 1042 1375 felicissime
1064 1317 1110 1375 vir

103 1412 134 1464 et
165 1405 284 1481 ingenio
317 1408 347 1462 et
379 1401 512 1462 doctrina
544 1419 621 1461 unus
653 1404 785 1462 omnium
817 1404 957 1481 princeps
987 1402 1110 1463 Carolus

103 1492 316 1552 Lachmannus.
362 1491 420 1549 iam
448 1507 514 1549 cum
541 1496 645 1567 peetus
672 1489 807 1551 hortetur
834 1497 867 1550 ut
888 1492 920 1550 in
943 1491 1031 1551 huius
1053 1493 1110 1551 viri

103 1581 205 1642 landes
228 1597 276 1639 me
295 1577 452 1657 effundam,
475 1580 623 1637 succurrit
643 1577 714 1638 iflud
735 1578 770 1637 ab
790 1577 927 1639 omnibus
944 1579 1111 1660 probatum,

102 1669 324 1729 Lachmannum
354 1665 472 1726 laudare
505 1664 577 1726 velle
610 1666 798 1727 ambitiosum
827 1685 900 1726 esse.
952 1668 1030 1746 quod
1059 1670 1111 1747 qui

103 1760 217 1836 primus
246 1755 321 1815 dixit
342 1753 465 1814 lacobus
487 1752 665 1832 Bernaysius
692 1773 768 1814 anno
791 1754 966 1815 MDCCCLll
991 1774 1111 1816 carmen

104 1846 140 1905 de
164 1862 264 1904 rerum
287 1849 391 1903 natura
414 1837 630 1923 ‘recognitum',
654 1850 686 1903 ut
710 1845 774 1922 ipse
793 1843 1010 1903 modestissime
1029 1843 1112 1924 dicit,

104 1933 197 1993 edidit
220 1929 387 2010 sumptibus
405 1929 627 1990 Teubnerianis.
669 1933 720 2010 qui
740 1933 794 2012 313,
818 1949 875 2010 quo
895 1938 958 1992 erat
976 1934 1109 1991 acumine

103 2039 218 2100 quaque
251 2025 281 2079 et
312 2020 458 2079 sermonis
484 2017 582 2078 Latini
613 2026 643 2078 et
674 2017 875 2098 philosophiae
909 2022 1045 2100 scientia,
1077 2026 1111 2079 ut

103 2118 237 2188 tempore
269 2109 422 2186 proximus
454 2124 470 2165 a
496 2105 682 2166 Lachmanno
711 2108 779 2187 luit,
810 2109 851 2167 ita
879 2109 968 2168 etiam
995 2110 1110 2168 meritis

104 2197 139 2257 ab
168 2215 202 2256 33
231 2203 311 2256 esset
332 2196 497 2274 proximus,
524 2196 583 2253 nisi
609 2196 698 2254 nimis
725 2193 808 2254 brevi
837 2197 931 2274 spatio
954 2198 1109 2257 interiecto

104 2288 184 2345 unici
211 2287 269 2344 riri
292 2285 465 2344 auctoritate
488 2289 697 2360 praegravante
722 2301 775 2342 333
798 2285 863 2360 ipse
886 2283 995 2343 iudicio
1018 2286 1110 2344 inter-

103 2374 174 2433 dum
201 2390 262 2432 non
288 2379 402 2432 tantum
428 2377 569 2450 qnantum
596 2389 650 2449 par
678 2377 741 2431 erat
771 2370 934 2431 tribuisset
980 2373 1058 2451 quod
1082 2375 1111 2433 ei

103 2461 245 2522 accidisse
265 2478 361 2541 nemo,
384 2461 497 2539 opinor,
520 2458 684 2539 mirabitur,
707 2461 759 2538 qui
778 2462 841 2538 ipse
863 2461 999 2540 senserit,
1022 2478 1110 2539 quam

103 2549 223 2609 difficile
243 2554 323 2609 esset
340 2550 455 2608 recenti
473 2545 552 2606 illius
572 2564 665 2624 paene
684 2547 776 2607 divini
790 2549 903 2626 ingenii
917 2548 1110 2608 admiratione

103 2637 139 2697 ab
168 2655 203 2697 33
231 2636 397 2696 dissentire.
443 2638 542 2713 itaque
564 2633 758 2714 Bernaysium
786 2653 892 2695 censeo
915 2634 962 2695 331
984 2638 1109 2697 maxime

103 2724 281 2785 laudandum
300 2742 366 2784 esse
385 2727 416 2783 in
435 2726 488 2803 eis,
507 2741 581 2801 quae
601 2741 617 2782 3
635 2723 821 2783 Lachmanno
840 2723 996 2783 discedens
1011 2742 1110 2784 emen-

103 2814 195 2893 davit,
222 2812 421 2873 excusandum
448 2829 531 2891 3333,
559 2813 585 2871 31
613 2811 729 2890 quando
756 2809 802 2871 vel
829 2828 895 2870 cum
923 2810 1109 2872 Lachmanno

102 2901 148 2961 331
181 2919 248 2961 cum
280 2899 346 2960 aliis
381 2899 428 2960 331
464 2898 543 2959 33133
584 2901 701 2959 erravit.
756 2898 861 2978 quodsi
892 2907 1111 2977 perseverasset

102 2993 134 3049 in
161 2989 281 3049 Lucreti
312 2988 518 3067 perscrutandi
550 2987 725 3048 emendandi
756 2987 970 3066 interpretandi
1003 2988 1110 3068 studio,

102 3096 162 3139 non
185 3076 287 3137 dubito
311 3079 382 3155 quin
406 3095 440 3137 eo
459 3083 655 3155 perventurus
673 3076 772 3156 luerit,
793 3082 827 3136 ut
845 3093 980 3154 magnam
998 3078 1110 3155 negotii

100 3173 216 3246 partem
248 3164 419 3225 absolveret.
470 3182 538 3225 cum
569 3183 639 3224 vero
673 3163 722 3223 ille
751 3182 783 3224 se
810 3163 893 3224 brevi
920 3170 988 3243 post
1015 3171 1109 3228 totum

102 3255 138 3315 ad
155 3253 211 3314 alia
230 3253 326 3313 studia
340 3252 480 3333 dedisset,
497 3255 529 3311 in
543 3252 669 3312 stadium
682 3269 776 3330 paene
791 3251 941 3312 desertum
956 3254 1109 3330 ingressus

100 3343 185 3421 Hugo
213 3341 319 3402 Munro
346 3341 504 3402 Britannus
536 3358 670 3419 magnam
704 3339 762 3400 sibi
792 3343 910 3419 peperit
940 3342 1109 3419 iustamque

100 3431 231 3511 laudem;
263 3432 313 3510 qui
346 3448 422 3490 anno
452 3426 537 3492 1866
564 3431 697 3510 primum
721 3426 850 3491 Lucreti
873 3445 1003 3489 carmen
1024 3429 1130 3484 eumn
