2430 3878
101 189 165 253 208
489 145 700 240 ’66666616

101 347 229 400 acumine
252 349 280 399 et
303 345 430 400 doctrina
451 345 504 399 viri
527 345 633 416 egregii
656 345 785 400 effectum
808 347 892 413 esset,
920 347 954 398 ut
976 362 1030 417 ego
1053 363 1109 399 non

100 417 198 487 paucis
215 417 285 470 locis
304 418 354 469 aut
371 433 405 469 ea
424 432 495 484 quae
514 415 666 470 Giussanus
687 418 831 470 censuerat
848 416 994 485 probanda
1014 417 1109 469 existi-

101 504 207 541 marem
221 489 271 541 aut
284 489 358 540 certe
373 488 407 540 de
422 487 461 539 eis
476 503 548 555 quae
562 488 623 556 ipse
635 489 795 555 statueram,
811 487 939 540 dubitare
955 488 1110 555 coepissem

103 574 219 626 cumque
244 558 330 611 etiam
354 573 389 611 ea
413 573 485 625 quae
509 558 558 610 ille
582 558 674 611 minus
699 561 774 611 recte
800 558 942 626 scripsisse
968 559 1109 612 videretur

101 630 235 698 pleraque
252 628 394 681 mentione
413 630 486 682 certe
501 628 587 699 digna
606 645 665 681 esse
678 631 819 697 putarem,
838 629 927 681 visum
946 630 989 681 est
1007 628 1039 681 in
1055 629 1110 682 hac

103 700 257 768 appendice
279 699 413 780 maiorem
436 698 588 752 lectionum
607 699 861 781 'Giussanianarum
877 700 987 780 partem
1005 698 1109 753 referre

102 787 176 838 Μ’
191 770 1110 910 salinaribus.tribuissteine..

103 912 179 980 quod
196 927 252 964 non
274 927 366 979 pauca
384 926 490 977 eorum,
514 927 532 962 a
554 910 654 978 quibus
677 911 775 979 primis
799 927 925 979 quaeque
948 911 1111 964 emendatio

102 981 228 1051 profecta
253 983 338 1048 esset,
361 981 475 1033 nomina
497 981 661 1034 omisissem:
689 982 764 1048 quod
785 981 834 1034 ille
857 981 970 1048 quidem
992 981 1111 1034 nonita

102 1052 223 1119 monuit,
242 1052 323 1119 quasi
340 1051 476 1119 promisso
489 1068 545 1104 non
559 1051 709 1104 stetissem:
728 1068 794 1105 nam
811 1052 856 1106 vel
873 1051 936 1120 plus
954 1052 1010 1104 feci
1024 1068 1112 1119 quam

102 1123 361 1192 prolegomenorum
378 1140 405 1190 p.
420 1121 534 1174 XXXIV
551 1122 739 1190 promiseram.
779 1123 828 1175 sed
845 1124 941 1174 tamen
958 1122 1048 1175 visum
1067 1124 1112 1175 est

104 1193 241 1247 desiderio
260 1193 312 1246 viri
325 1192 519 1245 humanissimi
533 1193 626 1259 quoad
642 1209 753 1262 possem
771 1191 939 1245 satisfacere.
972 1209 1038 1263 ergo
1052 1209 1112 1246 non

102 1264 201 1333 paucis
217 1264 287 1317 locis
306 1264 515 1316 emendatorum
531 1263 719 1330 antiquiorum
732 1263 846 1316 nomina
858 1262 932 1316 infra
946 1261 1063 1316 afferam
1082 1266 1113 1317 et

103 1337 249 1403 praeterea
266 1351 323 1387 non
335 1349 399 1386 raro
418 1333 544 1404 egregias
562 1333 735 1387 Lachmanni
753 1334 934 1400 coniecturas,
952 1350 1023 1401 quas
1042 1335 1112 1387 olim

104 1406 172 1459 satis
189 1405 278 1458 habui
294 1405 382 1458 tacito
396 1420 531 1458 consensu
543 1404 670 1472 probare,
688 1421 762 1458 nunc
776 1405 813 1456 ad
827 1406 968 1458 auctorem
980 1404 1112 1458 referam.

190 1475 353 1543 Nonnullis,
372 1475 421 1542 661
439 1475 474 1528 de
491 1474 546 1528 hac
559 1474 681 1528 editione
696 1475 877 1543 scripserunt,
896 1475 1001 1528 accidit
1017 1478 1051 1529 ut
1069 1476 1113 1529 in·

105 1547 235 1601 stitutum
251 1562 345 1598 meum
362 1561 418 1598 non
437 1544 505 1598 satis
522 1546 718 1614 perspicerent.
756 1546 832 1600 velut
853 1545 909 1598 fuit
927 1546 975 1614 qui
995 1547 1112 1614 doleret,

104 1618 180 1685 quod
197 1615 244 1669 11
265 1615 390 1669 versibus
409 1621 478 1668 6-9
502 1616 616 1668 seclusis
638 1617 731 1669 locum
752 1616 969 1685 pulcherrimum
988 1617 1113 1684 quodam

103 1687 187 1742 modo
204 1686 385 1740 mutilassem.
423 1685 472 1753 qui
493 1686 659 1739 lineolarum
677 1704 695 1740 a
711 1702 756 1740 me
773 1687 929 1756 positarum
945 1687 1003 1742 vim
1021 1690 1050 1741 et
1067 1705 1113 1742 ra-

104 1759 210 1811 tionem
227 1772 283 1810 non
302 1757 384 1825 cepit.
421 1755 527 1825 cepisse
546 1773 575 1809 66
594 1756 745 1811 Giussanus
764 1758 900 1825 declarat,
925 1775 988 1811 oum
1006 1758 1049 1811 ita
1066 1775 1113 1812 me

104 1828 256 1897 vituperat,
274 1829 308 1879 ut
325 1829 409 1897 neget
427 1827 541 1880 editoris
560 1844 620 1880 esse
638 1844 684 1896 ea,
703 1844 775 1896 quae
788 1830 887 1897 postea
901 1827 936 1881 ab
950 1828 1012 1897 ipso
1026 1832 1114 1898 poeta

104 1898 210 1951 inserta
225 1897 320 1965 aliquo
337 1900 432 1950 tamen
449 1899 532 1950 modo
552 1915 614 1952 cum
632 1899 672 1952 eis
687 1898 788 1967 quibus
805 1899 952 1952 interiecta
971 1899 1029 1952 sint
1047 1916 1113 1953 con-

104 1969 201 2022 iuncta
219 1969 378 2036 videantur,
397 1968 550 2036 secludere,
571 1970 615 2022 ‘la
633 1970 823 2037 stratlgrafla
842 1970 888 2023 del
909 1970 998 2022 testo'
1018 1970 1114 2038 inquit

107 2041 134 2092 ‘e
148 2041 262 2110 oggetto
278 2039 336 2093 dell
349 2040 524 2107 commento’,
539 2057 595 2107 qna
603 2056 670 2094 voce
683 2057 750 2094 usus
763 2055 822 2093 rem
836 2041 947 2110 egregie
957 2040 1112 2111 significet3

105 2127 172 2164 nam
191 2112 328 2178 quantum
346 2110 405 2163 eius
419 2109 479 2164 fieri
496 2111 590 2178 potuit
606 2111 638 2163 id
656 2111 710 2181 egi,
727 2112 761 2163 ut
778 2113 935 2179 appareret,
953 2111 1003 2178 qui
1016 2127 1114 2165 versus

104 2182 182 2250 prius
201 2181 312 2250 scriptis
329 2182 394 2249 post
411 2180 509 2234 inserti
527 2183 626 2234 essent.
663 2182 739 2249 quod
755 2197 800 2234 me
819 2181 909 2251 egisse
928 2181 1114 2236 Susamihlius

105 2252 205 2305 laudat
229 2269 292 2304 curn
317 2251 424 2304 scribit:
451 2250 594 2305 ‘Ceterum
611 2252 672 2321 ipse
690 2252 739 2305 1116
760 2252 878 2305 lacunae
902 2252 976 2322 sigui
995 2253 1024 2305 61
1047 2269 1113 2306 can-

107 2323 239 2376 cellorum
260 2339 327 2374 usus
350 2322 426 2390 apud
448 2321 609 2392 Briegerum
630 2322 719 2375 multo
740 2321 913 2391 frequentius
932 2338 1017 2391 quam
1035 2325 1115 2392 apud

105 2393 212 2462 priores
226 2392 346 2446 editores
361 2408 504 2446 occurrens
519 2392 651 2460 declarat,
665 2393 765 2461 quanti
776 2409 938 2464 progressus
953 2393 989 2446 ab
1000 2409 1032 2446 66
1041 2393 1113 2447 facti

107 2462 207 2516 sintin
220 2462 421 2514 sententiarum
435 2479 539 2516 conexu
553 2464 597 2517 vel
610 2463 708 2517 intimo
722 2464 935 2533 perspiciendo'
959 2480 1015 2532 qua
1025 2463 1115 2518 laude

106 2532 217 2586 laudati
234 2532 286 2585 viri
304 2533 413 2602 gaudeo
431 2533 480 2600 ita,
498 2535 531 2586 ut
547 2535 643 2587 tamen
655 2535 796 2588 nonnullis
809 2535 879 2588 locis
892 2534 1042 2588 facileaut
1056 2535 1113 2588 illis

127 2602 251 2657 arallelis
270 2618 339 2671 opus
358 2618 414 2656 nou
427 2603 513 2656 fuisse
530 2605 601 2657 mihi
618 2605 780 2673 persuaderi
797 2605 890 2674 patiar
909 2607 958 2658 661
972 2607 1048 2658 66616
1063 2606 1113 2658 du-

106 2622 195 2728 bitem
204 2689 309 2742 opusne
318 2672 411 2726 fuerit.
430 2690 600 2742 quamquam
610 2676 696 2728 etiam
709 2678 775 2730 suut
785 2691 857 2743 6666
872 2675 1042 2729 secludenda
1053 2691 1114 2729 esse

107 2763 182 2799 nunc
195 2745 307 2798 demum
321 2743 474 2798 didicerim.
497 2760 553 2797 non
566 2746 654 2798 multo
669 2746 751 2799 aliter
764 2762 808 2800 res
823 2745 985 2800 sehabetin
994 2746 1113 2800 lacunis.

108 2833 164 2885 qua
182 2816 212 2868 in
229 2817 349 2883 utraque
365 2831 396 2868 re
414 2814 504 2869 sicubi
522 2816 604 2869 aliter
622 2818 706 2884 atque
725 2819 790 2870 6616
807 2817 859 2870 hos
874 2818 1006 2885 quattuor
1025 2833 1114 2870 annos

107 2901 182 2940 nunc
204 2886 307 2953 sentio,
329 2903 394 2939 mox
416 2886 588 2956 significabo.
624 2887 682 2940 iam
700 2888 774 2940 enim
791 2887 917 2941 transibo
936 2888 973 2940 ad
992 2887 1113 2958 singula.

195 2956 338 3010 Nonnulla
365 2972 460 3011 eorum
487 2973 559 3024 quae
585 2957 632 3011 hio
654 2957 808 3012 emendabo
831 2958 914 3011 multi
940 2973 974 3011 ex
998 2958 1039 3011 eis
1065 2959 1116 3026 qui

107 3028 177 3082 haec
190 3027 291 3081 lecturi
305 3029 377 3095 sunt,
391 3027 449 3080 iam
461 3027 492 3080 in
505 3029 584 3081 textu
593 3044 676 3096 quem
690 3029 787 3082 dicunt
801 3030 949 3082 emendata
962 3029 1116 3097 invenient,

108 3099 135 3152 ei
157 3098 299 3165 videlicet,
327 3098 377 3166 qui
399 3099 602 3167 exemplaribus
624 3102 689 3168 post
711 3100 863 3152 editionem
890 3100 1025 3166 quantum
1053 3099 1117 3152 eius

108 3169 168 3222 fieri
185 3169 279 3237 potuit
296 3185 313 3221 a
330 3184 376 3222 me
398 3169 552 3223 emendatis
570 3171 691 3223 utentur.
723 3186 813 3238 neque
831 3172 926 3223 tamen
944 3185 1000 3222 non
1017 3184 1118 3222 eorum

109 3255 219 3306 666666
246 3239 319 3291 ratio
346 3239 477 3293 habenda
506 3241 578 3306 erat,
605 3240 635 3293 in
662 3256 779 3308 quorum
800 3240 930 3294 manibus
953 3239 1120 3308 antiquiora

110 3310 280 3378 exemplaria
299 3311 370 3363 sunt.

197 3398 224 3449 p.
239 3379 278 3432 XI
299 3380 318 3432 1.
339 3385 371 3433 15
395 3397 412 3434 a
434 3397 520 3451 marg.
545 3381 623 3434 infer.
642 3381 705 3451 lege
723 3381 750 3435 V
767 3387 923 3437 sat-sas.
947 3412 981 3422 --
1003 3381 1023 3434 1.
1045 3388 1077 3435 ll
1100 3399 1120 3435 a

104 3467 194 3522 marg.
210 3450 290 3505 infer.
304 3451 380 3522 lege:
399 3451 438 3506 IV
453 3457 510 3506 796.
539 3452 613 3505 hunc
626 3471 650 3505 v.
664 3453 722 3505 Lm.
736 3454 802 3521 post
816 3458 866 3507 186
881 3451 1036 3520 collocavit,
1053 3469 1119 3506 cum

92 3523 204 3579 leniter
230 3524 418 3580 immutatum
441 3541 491 3580 666
515 3524 580 3579 1666
605 3523 727 3577 retinere
745 3526 849 3591 posset.
870 3554 903 3565 -
925 3541 953 3593 p.
972 3521 1024 3576 XV
1042 3522 1061 3576 1
1083 3530 1119 3578 10
