2430 3878
552 171 591 226 ΠΙ
1033 173 1074 236 87

137 316 375 395 dispositumque
398 317 516 378 videtur
537 317 590 379 uhi
612 337 679 379 esse
702 326 733 380 et
755 337 891 380 crescere
913 321 1008 398 possit
1039 342 1078 382 us

139 422 257 465 sorsum
284 407 380 464 anima
404 415 491 484 atque
515 409 645 486 animus,
671 414 752 467 tanto
776 410 870 485 magis
892 407 1078 468 infitiandum

65 507 122 559 795
138 499 234 553 totum
257 511 345 572 posse
369 501 451 554 extra
474 511 582 573 corpus
606 495 714 555 durare
737 497 872 573 genique.

67 597 120 647 595
140 598 245 661 quare,
268 600 376 660 corpus
399 581 452 642 uhi
475 584 601 663 interiit,
624 585 750 661 periisse
773 590 926 645 necessest

139 669 297 729 confiteare
321 671 450 730 animam
472 670 643 732 distractam
663 673 698 733 in
718 688 844 750 corpore
867 677 937 731 toto.

140 759 249 836 quippe
273 759 384 818 etenim
405 757 530 819 mortain
552 767 674 819 aeterno
697 760 820 838 iungere
844 765 873 818 et
895 777 953 819 una
1038 783 1079 822 eoo

135 847 309 907 emme
326 853 435 925 putare
460 853 489 906 55
512 847 595 925 iungi
617 854 719 907 mutua
740 864 828 926 posse

65 949 126 1000 800
140 933 317 1011 desiperest:
341 933 412 1012 quid
435 937 515 994 enim
538 935 683 995 diversius
707 953 773 995 esse
796 935 987 1014 putandumst

65 1037 122 1088 800
141 1028 191 1082 aut
214 1023 307 1100 magis
331 1023 409 1082 inter
433 1041 464 1082 se
489 1023 669 1083 disiunctum
692 1023 961 1103 discrepitansque,

141 1127 229 1188 mam
253 1109 375 1170 mortale
399 1110 477 1189 quod
500 1117 547 1171 est
568 1110 717 1171 inmortali
740 1119 827 1190 atque
849 1113 975 1190 perenni

564 1216 583 1257 ιιι

141 1288 274 1346 iunctum
297 1289 328 1346 in
352 1286 476 1347 concilio
500 1305 600 1347 saevas
623 1286 749 1346 tolerare
772 1282 939 1365 procellas?
1038 1307 1078 1349 cos

140 1381 294 1453 praeterea
318 1392 519 1453 quaecumque
543 1382 663 1434 manent
684 1385 803 1435 aeterna
826 1381 979 1435 necessest

67 1479 127 1530 805
141 1469 192 1523 aut
214 1464 282 1540 quia
306 1470 375 1522 sunt
398 1462 491 1522 solido
515 1481 582 1522 cum
605 1481 729 1541 corpore
750 1480 893 1541 respuere
917 1464 994 1523 ictus

67 1567 198 1618 cosnec
220 1557 376 1629 penetrare
399 1552 461 1630 pati
484 1550 542 1610 sibi
565 1553 722 1629 quicquam
745 1551 824 1630 quod
847 1557 935 1630 queat
958 1558 1035 1611 artas

143 1639 304 1699 dissociare
327 1641 408 1698 intus
430 1641 536 1719 partis,
559 1646 592 1698 ut
613 1640 748 1699 materiai

143 1744 266 1806 corpora
289 1733 359 1786 sunt
382 1745 507 1804 quorum
529 1734 664 1787 naturam
686 1727 869 1787 ostendimus
893 1733 975 1808 ante,
1039 1749 1080 1788 aro

143 1815 282 1875 antideo
306 1814 413 1875 durare
436 1821 560 1874 aetatem
584 1832 671 1894 posse
694 1833 748 1893 per
771 1832 903 1896 omnem,

69 1919 128 1971 810
142 1902 293 1982 plagarum
316 1904 385 1982 quia
408 1909 478 1963 sunt
501 1905 632 1982 expertia
655 1904 733 1963 sicut
756 1904 885 1983 inanest,

69 2008 124 2058 810
144 1990 222 2070 quod
244 1997 344 2051 manet
366 1993 509 2051 intactum
532 2009 628 2070 neque
651 1989 688 2051 ab
710 1993 771 2051 ictu
794 1992 926 2069 iungitur
949 1989 1056 2072 hilum,

144 2081 305 2139 autetiam
328 2081 397 2158 quia
419 2078 499 2139 nulla
522 2079 580 2139 loci
609 2079 642 2138 fit
664 2081 747 2157 copia
771 2081 897 2158 circum,

144 2185 202 2246 quo
226 2168 311 2245 quasi
332 2185 382 2227 res
405 2170 520 2245 possint
543 2166 695 2227 discedere
719 2166 913 2246 dissoluique,
1040 2187 1080 2227 crs

145 2257 233 2315 sicuti
255 2273 437 2316 summarum
461 2261 603 2315 summast
626 2260 757 2333 aeterna,
780 2271 876 2332 neque
900 2259 982 2313 extra

71 2357 129 2411 815
144 2345 210 2422 quis
231 2342 314 2404 locus
333 2349 378 2403 est
397 2361 454 2421 quo
474 2341 637 2421 diffugiant,
659 2359 755 2419 neque
775 2359 898 2420 corpora
918 2347 987 2401 sunt
1005 2359 1079 2419 qnae

70 2447 125 2498 815
144 2433 261 2510 possint
282 2431 413 2492 incidere
437 2437 467 2490 et
488 2429 583 2490 valida
605 2429 766 2491 dissolvere
789 2429 881 2509 plaga.

569 2538 586 2576 a

146 2606 224 2686 quod
247 2609 274 2668 si
296 2608 370 2668 sorte
394 2607 460 2666 ideo
483 2607 576 2684 magis
599 2606 773 2668 immortalis
796 2605 971 2686 hahendast‚

146 2695 225 2775 quod
247 2695 383 2756 letalibus
406 2695 442 2754 ab
465 2694 555 2755 rebus
578 2697 691 2755 munita
713 2702 844 2774 tenetur,
1041 2717 1082 2757 aso

146 2790 196 2844 aut
219 2785 287 2862 quia
309 2802 369 2843 non
391 2785 513 2843 veniunt
535 2785 654 2843 omnino
678 2782 771 2843 aliena
795 2781 911 2862 salutis,

71 2878 195 2941 820ant
219 2873 287 2950 quia
310 2890 384 2950 quae
406 2873 529 2932 veniunt
551 2870 647 2950 aliqua
670 2873 782 2930 ratione
806 2869 949 2930 recedunt

71 2977 127 3027 820
145 2959 230 3039 pulsa
252 2962 335 3038 prius
359 2977 446 3038 quam
469 2959 541 3038 quid
563 2965 689 3019 noceant
712 2960 822 3018 sentire
846 2975 1001 3038 queamus,

145 3143 264 3216 praeter
286 3138 365 3196 enim
389 3153 474 3213 quam
499 3136 576 3214 quod
600 3133 711 3194 morbis
735 3152 803 3194 cum
822 3134 954 3211 corporis
973 3141 1082 3215 aegret‚

146 3226 263 3285 advenit
285 3223 316 3284 id
340 3223 418 3302 quod
442 3242 505 3283 eam
529 3224 565 3284 de
589 3221 678 3282 rebus
702 3240 788 3300 saepe
813 3221 920 3281 futuris
1042 3245 1082 3285 ces

144 3319 274 3374 macerat
296 3314 386 3391 inque
409 3319 490 3372 metu
512 3311 587 3371 male
610 3309 698 3370 hahet
721 3312 860 3387 curisque
884 3309 998 3389 fatigat,

71 3417 133 3469 825
144 3402 372 3480 praeteritisque
396 3400 471 3460 male
494 3399 631 3459 admissis
653 3404 773 3476 peccata
795 3397 974 3458 remordent.

71 3507 125 3558 sos
145 3489 220 3551 adde
244 3490 375 3550 furorem
398 3490 489 3548 animi
511 3488 665 3568 proprium
688 3492 775 3566 atque
799 3484 908 3546 obliuia
928 3504 1050 3563 rerum,
