2430 3878
371 792 412 878 Τ.
437 791 662 876 LUORETI
695 789 819 875 CARI

232 944 323 1041 DE
368 942 622 1041 RERUM
666 941 962 1040 NATURA

413 1115 545 1180 amun
571 1112 780 1193 colurus

144 1397 154 1485 {l
168 1404 236 1463 Avia
259 1402 409 1462 Pieridum
431 1419 556 1481 peragro
579 1401 642 1461 loca
665 1400 774 1461 nullius
797 1407 864 1461 ante

146 1494 215 1551 trita
239 1490 309 1550 solo.
347 1493 427 1550 iuvat
448 1492 579 1567 integros
602 1489 743 1549 accedere
765 1488 855 1548 fontis

146 1586 233 1657 atque
255 1578 389 1657 haurire,
411 1580 548 1656 iuvatque
571 1595 662 1637 novos
685 1577 844 1656 decerpere
867 1576 957 1638 flores

146 1669 350 1745 insignemque
374 1683 440 1725 meo
463 1667 552 1744 capiti
573 1673 675 1744 petere
697 1665 766 1725 inde
790 1683 942 1746 coronam,

111 1754 225 1818 ounde
247 1756 331 1834 prius
354 1753 428 1813 nulli
449 1752 573 1813 velarint
594 1760 727 1831 tempora
750 1771 864 1834 musae5

146 1845 275 1923 primum
298 1842 376 1921 quod
398 1844 511 1919 magnis
535 1841 625 1901 doceo
649 1841 685 1901 de
708 1841 798 1901 rebus
821 1848 851 1901 et
873 1844 946 1901 artis

147 1931 323 2013 religionum
346 1932 476 1990 animum
498 1929 583 1989 nodis
606 1929 756 1990 exsolvere
779 1947 883 2010 pergo,

148 2019 254 2079 deinde
278 2018 355 2097 quod
378 2017 502 2078 obseura
525 2017 561 2077 de
585 2036 617 2078 re
643 2024 703 2077 tam
725 2016 822 2078 lucida
844 2034 939 2097 pango

148 2110 290 2188 carmina,
312 2125 432 2167 musaeo
456 2108 628 2183 contingens
652 2112 757 2166 cuucta
779 2105 888 2185 lepore.

97 2211 130 2258 10
149 2196 179 2255 id
203 2214 320 2275 quoque
343 2197 421 2254 enim
445 2212 504 2254 uon
527 2193 562 2253 ab
586 2193 665 2254 nulla
688 2196 801 2253 ratione
824 2193 953 2254 videtur:

149 2303 217 2345 uam
240 2283 330 2343 veluti
352 2284 453 2361 pueris
477 2282 623 2342 absinthia
645 2288 739 2342 taetra
762 2281 914 2341 medentes

149 2390 217 2432 cum
240 2371 310 2431 dare
333 2377 489 2450 conantur,
511 2373 595 2448 prius
618 2388 697 2451 oras,
718 2368 823 2449 pocula
846 2371 971 2451 circum,

150 2462 323 2536 contingunt
345 2458 440 2518 mellis
464 2457 543 2519 dulci
564 2458 696 2536 flavoque
719 2457 847 2538 quuore,

149 2554 183 2607 ut
203 2563 364 2626 puerorum
386 2553 466 2606 aetas
488 2546 641 2624 inprovida
663 2545 830 2606 ludificetur

98 2651 131 2699 15
149 2635 299 2696 labrorum
320 2641 420 2715 tenus,
443 2636 555 2694 interea
576 2642 713 2714 perpotet
734 2652 865 2694 amarum

150 2723 279 2783 absinthi
301 2722 429 2803 laticem,
452 2721 632 2801 deceptaque
654 2740 714 2782 non
737 2724 881 2802 capiatur,

151 2812 203 2872 sed
225 2813 323 2890 potius
346 2810 397 2870 tali
418 2818 504 2890 pacto
527 2817 659 2871 recreata
680 2809 819 2889 valescat,

152 2903 195 2961 sic
218 2919 272 2978 ego
295 2918 387 2979 nunc,
410 2901 548 2977 quoniam
570 2899 642 2959 haec
665 2900 739 2958 ratio
761 2897 935 2976 plerumque
958 2898 1077 2959 videtur

150 2991 265 3049 tristior
288 3006 353 3048 esse
377 2987 483 3066 quibus
506 3005 566 3047 uon
589 2993 634 3046 est
655 2993 791 3066 tractata,
813 2992 953 3064 retroque

98 3093 132 3142 20
151 3077 253 3154 volgus
276 3075 415 3135 abhorret
436 3075 472 3135 ab
495 3075 562 3155 hac,
585 3075 663 3135 volui
685 3073 740 3134 tibi
762 3073 977 3152 suaviloquenti

151 3167 280 3226 carmine
303 3163 400 3223 Pierio
423 3166 566 3223 rationem
590 3181 736 3241 exponere
759 3168 889 3222 nostram

152 3261 181 3313 et
204 3254 289 3331 quasi
311 3269 430 3311 musaeo
453 3250 533 3311 dulci
556 3254 724 3328 contingere
746 3250 847 3331 melle3

152 3344 178 3401 si
201 3341 256 3401 tihi
279 3340 354 3400 forte
377 3341 506 3399 animum
529 3338 581 3398 tali
603 3341 716 3399 ratione
738 3346 841 3399 tenere

144 3428 281 3490 versibus
303 3430 336 3490 in
360 3429 474 3490 nostris
497 3445 632 3511 possem,
652 3427 725 3488 ilum
742 3429 874 3506 percipis
896 3445 1013 3486 omnem
