2430 3878
103 177 167 243 228
506 176 697 231 neruum

102 336 234 402 5155555,
258 335 307 388 sed
325 335 356 388 id
374 335 450 402 quod
467 335 535 388 nodi
553 334 686 388 solutioni
703 334 804 388 obstat.
839 350 921 403 porro
941 349 991 388 cur
1008 332 1109 386 Lucre-

102 405 168 472 tius,
185 405 234 473 qui
248 405 321 458 dixit
333 406 420 460 modis
432 406 518 473 55555,
532 421 589 458 555
603 405 705 459 dixisse
718 407 833 474 putetur
845 406 932 460 5555115
944 405 1109 473 indupedita

103 475 1109 602 callr‘llpuis,f(fluodecimtatissirffiillamfflpmooocdoopssvrgferffiatsso

103 564 123 598 5
165 562 217 599 55
240 562 461 614 5555555.-
681 562 984 615 cproeuscrrcno
1057 586 1107 600 ..

103 615 154 670 Mr.
175 619 203 670 et
221 616 310 670 Giuss.
330 617 402 670 nihil
420 617 557 684 efficiunt,
575 617 631 670 nisi
649 619 682 670 ut
700 617 842 671 obscurius
862 616 995 685 loquatur
1015 618 1107 685 poeta.

103 717 137 728 -
156 692 208 740 483
218 704 258 756 sq.
285 688 386 742 cimbis
408 687 495 741 etiem
517 687 606 742 Giuss.
632 688 700 741 item
722 690 880 756 coperiant,
913 692 963 741 502
986 689 1109 741 imbris

103 760 257 826 demittere,
286 763 337 811 512
366 764 446 828 atque
471 765 569 813 teucro.
602 789 635 798 -
668 764 719 812 520
747 775 816 826 quae
839 773 959 813 5555555
986 763 1109 813 55555551

103 843 275 897 consumpte
301 836 428 884 55555155
452 827 507 893 OQ.
530 828 651 883 Vahlen:
680 827 769 882 Giuss.
799 845 862 882 cum
886 828 965 882 Born.
989 844 1109 883 5555555

103 915 286 968 seorsumque,
305 900 381 967 quod
394 900 419 952 si
435 898 480 952 bis
498 899 528 952 in
541 917 649 954 5555555
660 901 800 953 mutatum
814 899 862 965 sit,
881 899 978 953 mirari
996 898 1107 952 debeas.

103 969 215 1023 facilius
234 969 399 1022 crediderim
415 972 529 1038 poetam
542 986 650 1024 versum
664 969 839 1027 abiecturum
850 969 936 1028 finisse
948 972 982 1023 ut
999 985 1108 1023 versum

104 1045 164 1107 524,
183 1040 233 1108 qui
245 1041 324 1093 iuxta
338 1057 401 1094 eum
415 1041 464 1108 qui
476 1041 632 1109 praecedit,
647 1039 714 1094 ferri
727 1056 783 1093 non
795 1042 896 1108 potest.
911 1070 945 1079 —
963 1058 1005 1094 vv.
1021 1045 1107 1094 608-

104 1115 155 1164 638
175 1109 264 1164 Giuss.
288 1114 353 1179 post
374 1129 398 1164 v.
419 1116 468 1164 607
492 1111 602 1178 retinet,
626 1112 675 1169 sed
693 1111 734 1164 ita
751 1113 784 1164 ut
802 1111 910 1179 aliquid
928 1112 995 1164 ento
1012 1128 1036 1166 v.
1056 1115 1107 1164 608

102 1181 208 1250 perisse
230 1183 318 1249 putet.
360 1181 411 1235 scd
432 1183 560 1235 concedit
587 1181 833 1249 transpositionem
854 1181 921 1234 ferri
947 1196 1036 1249 posse.
1072 1180 1108 1233 ‘il

102 1253 257 1320 trasporto'
274 1252 316 1305 ait
331 1252 426 1306 ‘none
439 1251 648 1320 improbabile'.
659 1282 693 1292 —-
708 1257 758 1306 552
773 1255 834 1306 5515
847 1252 1023 1322 55555,Βτς.,
1036 1267 1109 1306 oras

102 1324 188 1377 muris
201 1323 322 1391 55511555
338 1324 448 1394 5559555
462 1322 517 1388 OQ.
532 1324 613 1393 volgo
636 1321 725 1376 (iiuss.
741 1323 790 1391 qui
801 1325 897 1376 temen
910 1321 1015 1381 subicit
1034 1323 1109 1376 ‘oric

103 1395 188 1448 5555
202 1394 329 1476 ...forse
338 1411 356 1448 a
365 1395 497 1464 rapiouc’.
508 1399 604 1476 -574
617 1410 665 1448 uec
674 1395 766 1448 miuus
779 1394 916 1464 5555155555
927 1408 982 1447 ree
995 1399 1028 1446 at
1041 1393 1108 1461 lapi'

71 1597 72 1600 Ν
103 1463 1108 1591 111155Μ-’51101ἷ15ῗ11511565111111151065ἒὲἝῶ15

105 1605 318 1658 dimostrazione
335 1605 457 1673 positiva
475 1605 525 1658 che
539 1605 669 1659 Lucterio
687 1621 743 1658 non
760 1608 871 1673 potesse
890 1605 1107 1659 assolutamente

103 1690 185 1728 usare
207 1675 230 1727 il
253 1674 336 1728 verbo
362 1675 488 1742 simplice
511 1676 541 1728 di
564 1677 728 1742 55555555,
750 1679 888 1742 eminere,
907 1677 1105 1744 prominere?

104 1761 156 1815 ego
174 1762 248 1798 nunc
271 1744 369 1798 dubito
397 1761 433 1797 an
454 1745 554 1798 melius
581 1745 666 1798 fucrit
692 1748 725 1799 ut
751 1747 781 1799 in
807 1763 837 1801 re
864 1746 950 1800 dubia
972 1746 1107 1800 librorum

104 1815 300 1870 auctoritatem
323 1816 409 1882 sequi.
435 1847 468 1855 -
492 1822 542 1869 598
568 1817 664 1885 recipit
684 1818 817 1886 prolapsu
840 1835 905 1872 5555
927 1820 959 1871 iu
978 1819 1107 1886 55551555

103 1888 184 1942 aedes.
215 1886 255 1939 sic
278 1885 364 1938 etiem
387 1884 489 1952 (11555,
516 1887 565 1939 sed
583 1887 624 1940 ita
642 1890 675 1939 ut
698 1888 807 1940 dicatur
823 1889 920 1956 recipit
935 1889 1060 1956 55551555
1076 1889 1107 1941 io

103 1973 168 2012 5555
191 1957 277 2023 sedes,
301 1958 389 2024 recte,
414 1959 447 2010 ut
471 1973 545 2011 nunc
569 1957 704 2010 existimo.
734 1990 766 1997 -
794 1963 845 2012 656
869 1959 966 2012 uobis
986 2001 991 2011 .
1008 2001 1013 2011 .
1030 2001 1036 2012 .
1054 1959 1107 2025 fert

105 2028 191 2082 ctiam
210 2026 299 2081 Giuss.
328 2058 361 2066 -
389 2033 441 2081 666
451 2045 491 2095 sq.
513 2030 560 2082 ‘at
576 2030 659 2082 nimis
681 2034 720 2082 est
736 2030 832 2098 iupeua
854 2029 963 2083 incendi
981 2029 1107 2083 15505155

104 2100 212 2154 55155’.
248 2099 349 2153 scilicet
371 2104 396 2153 ct
417 2099 518 2166 fluuius
540 2100 588 2167 qui
610 2100 684 2152 51555
705 2100 837 2155 55551555
858 2103 1041 2166 cuiquest*
1060 2100 1108 2167 que

102 2186 160 2224 555
177 2175 240 2224 aute
258 2170 376 2237 aliquem
392 2170 521 2224 maiorem
538 2169 620 2234 5515,
638 2175 663 2222 et
680 2169 775 2239 555555
793 2171 873 2224 arbor
889 2171 1017 2237 15555555
1034 2170 1106 2224 5515-

103 2247 149 2296 155
167 2242 232 2293 etc:
261 2238 350 2293 Giuss.
370 2239 452 2308 dicit,
478 2240 539 2292 ‘ma
557 2239 582 2292 si
600 2241 679 2292 entra
700 2240 748 2293 nel
770 2256 868 2308 campo
890 2240 1036 2294 indefinito
1061 2240 1107 2292 dcl

103 2310 263 2380 possibile’.
300 2309 435 2363 librorum
460 2309 609 2363 lectionem
630 2312 737 2377 tuetur,
755 2310 785 2363 in
802 2309 959 2380 tautologia
984 2326 1041 2363 non
1065 2311 1106 2364 ita

104 2381 246 2435 offendens
265 2382 294 2433 et
312 2381 349 2434 ad
367 2382 415 2449 qui
432 2381 506 2435 51555
524 2382 660 2435 55515555
678 2382 728 2434 etc.
761 2382 856 2450 159555
874 2388 916 2451 eet
934 2380 1105 2450 cogitatione

104 2451 172 2505 addi
189 2466 271 2519 posse
289 2453 375 2518 ratus,
394 2467 512 2517 quorum
529 2453 658 2504 neutrum
675 2451 742 2504 ferri
759 2467 840 2519 posse
857 2453 933 2520 puto.
949 2482 983 2492 -
998 2457 1050 2505 690
1065 2468 1105 2518 sq.

102 2523 269 2590 fatendum
286 2538 303 2576 *
320 2538 363 2576 555
380 2523 450 2591 cepit
467 2529 575 2590 operta:
593 2522 627 2575 de
644 2522 746 2575 lacuna
764 2523 914 2575 assentitur
932 2520 1031 2588 (11555,
1050 2537 1106 2575 555

104 2593 139 2647 dc
156 2609 199 2647 555
216 2598 323 2660 aperta,
350 2591 425 2658 quod
442 2599 534 2660 aperto
552 2624 586 2632 -
605 2593 642 2644 ad
660 2610 734 2654 55555
750 2592 835 2646 refert
852 2624 886 2632 -
906 2592 960 2646 ‘ha
978 2593 1104 2661 aspetto'

102 2666 136 2717 ut
160 2662 219 2729 5111
243 2661 344 2715 ‘molto
371 2661 517 2732 genuino’.
542 2664 584 2731 -Ι
604 2668 655 2716 705
682 2664 938 2718 55555551551555
963 2665 996 2716 iu
1017 2664 1105 2731 155515,

103 2735 145 2789 ita
162 2749 271 2786 mecum
285 2731 374 2786 Giuss.
391 2732 546 2803 distinguit,
561 2763 594 2772 —
614 2739 664 2786 731
683 2734 794 2788 Auerna
811 2735 862 2789 uti
879 2751 948 2803 quac
964 2735 1107 2788 55511555

102 2821 214 2874 cumque
242 2805 380 2872 lacusque,
410 2805 566 2872 expediam,
595 2805 672 2872 quali
697 2811 801 2860 551555
822 2805 951 2873 praedita
977 2811 1104 2859 55551555.

102 2874 120 2928 i.
141 2892 163 2928 5.
184 2874 330 2943 expediam
348 2889 404 2942 qua
421 2876 522 2928 natura
541 2875 634 2927 omnia
656 2875 718 2928 loca
735 2874 844 2929 Averna
866 2875 929 2928 sint.
962 2891 1032 2943 quae
1049 2877 1106 2930 5651

103 2947 162 3000 1555
180 2963 291 3014 5555555
309 2947 434 3014 locusque
452 2946 599 3014 5555511555.
619 2944 708 2999 Giuss.
737 2962 800 2998 cum
819 2945 873 3009 OQ,
894 2948 922 2999 et
942 2944 1104 3012 editoribus,

102 3017 190 3070 nimia
207 3015 342 3069 librorum
358 3033 422 3069 mss.
441 3016 618 3069 veneratione
635 3016 728 3069 locum
745 3017 923 3086 perspicuum
941 3016 1105 3070 obscurans:

102 3103 169 3140 nam
191 3086 227 3139 ab
250 3088 348 3140 eodem
369 3087 510 3155 5555511555
533 3088 561 3139 et
586 3103 654 3154 quac
675 3089 731 3142 siut
753 3088 811 3142 loco
828 3089 958 3157 (cumque)
982 3088 1107 3155 5155511

102 3165 206 3213 551555
220 3158 349 3225 praedita
367 3164 486 3212 constent
498 3158 640 3225 pendeant
652 3173 764 3211 necesse
782 3153 826 3210 sit.
846 3188 879 3197 -
899 3162 950 3210 733
965 3158 1107 3226 55551515

103 3244 159 3296 quo
190 3229 301 3282 Auerna
327 3235 459 3283 55555555
484 3231 605 3294 5555155,
636 3229 666 3281 id
688 3229 722 3282 ab
744 3245 773 3283 55
799 3229 978 3297 5555555555.
1014 3225 1106 3283 Giuss.

119 3299 174 3352 551
201 3298 261 3352 leve
289 3298 476 3352 anacoluthon
504 3298 573 3351 dicit
598 3313 669 3365 osse,
697 3299 747 3352 sed
769 3315 821 3369 ego
843 3315 900 3352 non
921 3298 1107 3352 555155555-

102 3315 183 3422 15155
201 3368 368 3422 1555511555
384 3369 440 3422 nisi
457 3369 488 3421 in
505 3368 678 3439 longioribus
696 3369 840 3422 verborum
859 3368 1056 3437 complexibus.
1072 3399 1105 3410 -

104 3445 155 3493 748
173 3446 277 3493 551555
299 3441 350 3494 loci
367 3455 451 3508 epae
469 3441 565 3507 efficit:
587 3439 655 3492 item
673 3439 762 3493 Giuss.
781 3471 813 3480 -
838 3446 888 3494 765
907 3458 941 3494 55
953 3443 1046 3501 forte
1063 3441 1108 3495 uu

92 3510 143 3567 Mt.
165 3510 231 3584 Brg.
254 3510 396 3569 011555.-
416 3517 468 3568 761
479 3529 519 3581 sq.
538 3515 689 3565 777-760.
705 3517 809 3578 leisc„
824 3511 994 3580 Kenneng.]:
1013 3509 1106 3565 (11555.
