2430 3878
130 190 173 254 92
613 187 652 242 ΙΠ

218 334 362 414 numquid
384 334 427 395 ihi
448 334 591 395 horribile
614 341 747 415 apparet,
769 352 841 394 num
863 336 947 395 triste
970 335 1096 396 ridetur

146 440 202 492 975
219 427 389 503 quicquam,
412 441 471 483 non
494 425 575 483 omni
597 441 700 483 somno
724 425 859 483 securius
882 419 999 484 exstat?

149 528 201 578 999
262 512 356 590 Atque
371 530 414 592 ea,
430 513 580 592 nimirum,
594 528 795 589 quaecumque
809 509 975 572 Acherunte
989 512 1147 590 profundo

219 600 335 679 prodita
358 606 427 660 sunt
449 617 529 678 esse,
551 602 583 659 in
605 601 665 658 rita
688 606 757 659 sunt
779 601 877 659 omnia
899 598 993 659 nohis.

219 706 274 748 nec
296 689 389 747 miser
411 686 574 766 inpendens
596 705 734 765 magnum
756 689 842 747 timet
863 691 931 748 aire
955 706 1062 749 saxum
1103 711 1148 752 eso

220 776 371 855 Tantalus,
393 782 427 834 ut
449 775 565 855 famast,
588 793 671 836 cassa
693 774 849 835 formidine
872 781 1007 854 torpens:

150 880 205 932 980
221 863 273 924 scd
295 865 389 941 magis
411 865 443 923 in
466 865 524 923 vita
547 863 644 923 divom
666 869 763 923 metus
785 870 871 941 urget
893 865 990 924 inanis

150 969 202 1019 990
220 951 366 1031 mortum,
390 969 549 1030 casumque
571 954 678 1012 timent
700 969 788 1030 quem
811 953 918 1029 cuique
941 952 1017 1012 ferat
1039 952 1115 1014 sors.

219 1059 275 1100 nec
298 1040 403 1118 Tityon
426 1039 559 1100 volucres
582 1042 686 1100 ineunt
707 1038 874 1100 Acherunte
896 1041 1057 1122 iacentem,

221 1146 276 1188 nec
300 1127 377 1206 quod
401 1127 455 1188 suh
476 1146 581 1206 magno
601 1134 770 1188 scrutentur
787 1133 906 1207 pectore
926 1130 1087 1206 quicquam
1102 1150 1146 1192 999

220 1223 393 1294 perpetuam
415 1223 540 1276 aetatem
562 1221 686 1295 possunt
708 1217 840 1294 reperire
863 1216 1004 1293 profecto.

150 1320 206 1372 985
221 1303 381 1383 quamlibet
403 1306 524 1364 immani
545 1307 679 1381 proiectu
703 1305 836 1381 corporis
859 1311 966 1384 exstet,

151 1408 202 1457 999
222 1395 274 1471 qui
296 1411 355 1452 non
379 1391 440 1452 sola
462 1410 567 1451 novem
590 1392 733 1469 dispessis
755 1394 857 1468 iugera
880 1392 1023 1453 membris

221 1482 364 1559 optineat,
388 1480 440 1539 sed
463 1481 515 1558 qui
537 1482 629 1540 terrai
650 1481 741 1539 totius
765 1479 879 1561 orbem,

221 1576 401 1628 nontamen
423 1575 576 1628 aeternum
598 1569 707 1645 poterit
728 1567 861 1646 perferre
883 1566 1016 1628 dolorem
1100 1591 1145 1633 999

222 1674 277 1716 999
299 1654 440 1734 praebere
464 1655 563 1715 cibum
585 1657 705 1734 proprio
729 1655 766 1715 de
789 1674 912 1734 corpore
936 1674 1064 1735 semper.

151 1760 207 1810 990
226 1743 277 1803 sed
301 1744 401 1822 Tityos
424 1743 509 1803 nohis
531 1743 580 1803 hic
603 1750 661 1823 est,
684 1746 716 1803 in
739 1761 837 1803 amore
860 1745 1005 1805 iacentem

153 1848 204 1898 990
223 1849 312 1910 quem
334 1830 468 1891 volucres
491 1830 619 1891 lacerant
647 1878 1078 1894 .........

223 1965 598 1980 ........
644 1926 731 1998 atque
754 1927 837 1980 exest
860 1923 964 1981 anxius
987 1939 1080 2000 angor

223 2015 273 2067 999
296 2006 368 2067 91199
392 2009 498 2086 quoius
521 2008 660 2068 scindunt
683 2007 848 2087 cuppedini’
872 2027 968 2069 curae.

224 2095 366 2174 Sisyphus
389 2096 421 2154 in
443 2098 502 2156 vita
525 2114 641 2175 quoque
664 2095 749 2155 nobis
773 2103 840 2156 ante
863 2096 964 2157 oculos
987 2105 1046 2180 est,
1101 2120 1146 2160 999

224 2186 275 2262 qui
297 2191 399 2262 petere
422 2203 438 2244 a
460 2183 568 2262 populo
592 2184 687 2244 fasces
711 2202 869 2263 saevasque
893 2204 1014 2246 secures

154 2289 206 2338 999
224 2271 354 2351 imhihit,
377 2278 407 2332 et
430 2290 547 2351 semper
570 2273 663 2332 victus
686 2274 839 2351 tristisque
862 2273 982 2334 recedit.

223 2379 290 2420 nam
303 2367 405 2438 petere
418 2361 585 2440 imperium,
600 2359 677 2438 quod
691 2361 808 2420 inanest
821 2379 876 2421 nec
891 2361 977 2422 datur
990 2380 1145 2443 umquam,

223 2455 310 2526 atque
333 2450 364 2507 in
388 2466 423 2507 eo
447 2466 564 2526 semper
587 2447 693 2508 durum
717 2449 841 2508 sufferre
864 2448 1008 2531 lahorem,

223 2535 280 2594 hoc
303 2542 348 2594 est
370 2534 492 2594 adverso
515 2537 665 2597 nixantem
686 2536 807 2597 trudere
827 2544 926 2597 monte
1088 2562 1147 2602 roeo

224 2640 339 2701 saxum,
362 2622 440 2701 quod
462 2629 562 2683 tamen
584 2641 600 2685 e
622 2642 737 2684 summo
761 2627 820 2684 iam
841 2627 951 2686 vertice
974 2644 1079 2688 rusum

137 2727 205 2777 1000
224 2709 349 2771 volvitur
371 2717 400 2770 99
422 2710 502 2789 plani
524 2714 632 2789 raptim
653 2714 729 2791 petit
751 2731 878 2792 aequora
902 2717 1007 2792 campi.

223 2797 329 2858 deinde
353 2800 443 2859 animi
465 2801 610 2877 ingratam
632 2807 766 2861 naturam
788 2819 910 2880 pascere
934 2821 1065 2884 semper,

224 2893 310 2965 atque
334 2886 452 2965 explere
475 2885 561 2947 honis
584 2887 674 2948 rebus
698 2891 863 2968 satiareque
886 2908 1062 2971 numquam,

224 2975 303 3054 quod
325 2975 436 3034 faciunt
459 2975 544 3034 nohis
567 2993 711 3036 annorum
733 2983 879 3058 tempora,
902 2981 1015 3039 circum
1090 3003 1146 3043 1005

224 3082 291 3123 cum
313 3063 438 3123 redeunt
461 3063 597 3142 fetusque
621 3064 720 3124 ferunt
741 3067 897 3144 variosque
920 3066 1052 3150 leporem

136 3168 204 3218 1009
223 3170 278 3212 999
300 3158 399 3217 tamen
421 3150 575 3229 explemur
597 3154 667 3212 vitai
690 3152 833 3214 fructibus
857 3172 1011 3235 umquam,

223 3241 292 3319 hoc,
315 3247 348 3299 ut
371 3241 488 3319 opinor,
511 3239 623 3319 idest,
646 3258 716 3299 aevo
739 3241 863 3302 florente
886 3241 1000 3320 puellas

225 3327 303 3405 quod
330 3333 495 3387 memorant
523 3327 640 3387 laticem
664 3336 819 3408 pertusum
842 3348 1002 3409 congerere
1025 3333 1057 3392 in
1080 3349 1147 3413 999,

223 3415 302 3493 quod
324 3423 423 3475 tamen
447 3414 561 3494 expleri
583 3415 661 3476 nulla
684 3420 798 3478 ratione
820 3426 963 3499 potestur.
1092 3443 1147 3484 1010

219 3501 369 3566 Cerberus
393 3510 424 3566 et
448 3502 555 3566 Furiae
578 3506 638 3565 iam
658 3522 744 3587 nero,
764 3513 796 3566 et
816 3506 891 3568 lucis
913 3515 1030 3584 egestas
