2430 3878
577 211 617 267 IV
1042 211 1104 274 129

187 361 390 420 seminecum
412 358 534 419 Veneris
558 357 685 419 stimulis
708 361 802 419 excita
824 377 879 437 per
902 365 982 418 artus
1050 379 1103 420 121⁵

188 447 273 509 obvia
296 447 428 507 conflixit
450 449 622 526 conspirans
645 454 765 507 mutuus
788 447 888 527 ardor,

188 542 219 595 el
240 553 335 613 neque
360 542 460 596 utrum
483 537 632 614 superavit
654 554 756 595 eorum
779 554 833 595 nec
857 541 1064 613 superatumst.

98 624 221 692 1210fit
244 633 360 702 quoque
383 630 416 683 ut
437 623 586 684 interdum
611 623 722 684 similes
745 625 872 684 existere
896 640 1016 682 avorum

100 713 305 791 nonpossint
327 718 357 772 et
380 712 510 771 referant
530 730 706 790 proavorum
730 729 816 790 saepe
840 711 948 788 figuras

188 807 345 879 propterea
368 801 436 878 quia
458 799 549 860 multa
570 800 666 860 modis
689 799 850 878 primordia
872 798 972 858 multis
1053 819 1104 860 mlo

189 889 280 948 mixta
303 906 357 948 suo
379 887 476 948 celant
497 891 529 947 in
552 906 674 967 corpore
698 906 784 966 saepe
806 889 951 966 parentiS,

189 994 264 1055 quae
286 975 420 1054 patribus
443 982 542 1054 patres
564 975 684 1036 tradunt
707 976 742 1036 ab
767 977 858 1055 stirpe
881 975 1025 1053 prolecta:

102 1080 177 1132 1215
187 1064 257 1125 inde
279 1063 378 1125 Venus
400 1066 480 1124 varia
501 1063 639 1143 producit
662 1070 741 1124 sorte
764 1065 889 1143 figuras,

102 1169 172 1218 1200
189 1154 393 1231 maiorumque
416 1153 508 1212 refert
530 1151 625 1212 voltus
647 1169 792 1231 vocesque
816 1167 986 1231 comasque,

596 1258 613 1296 e

191 1327 428 1407 quandoquidem
450 1327 510 1388 uilo
533 1330 632 1389 miuus
654 1328 727 1388 haec
748 1325 785 1389 dc
808 1329 919 1387 semine
943 1333 1024 1386 certo
1054 1347 1106 1388 mes

191 1416 266 1476 fiunt
288 1434 374 1494 quam
397 1416 487 1476 iacies
511 1423 541 1476 et
563 1434 686 1495 corpora
707 1415 898 1494 membraque
921 1413 1020 1476 nohis.

192 1511 222 1564 et
243 1503 387 1564 muliebre
410 1507 505 1566 oritur
527 1507 622 1583 patrio
646 1505 682 1565 de
705 1506 818 1565 semine
841 1502 983 1583 saeclum,

102 1607 176 1658 1220
192 1599 383 1670 maternoque
405 1610 502 1652 mares
524 1596 656 1653 existunt
679 1610 801 1672 corpore
825 1594 912 1652 creti:

104 1696 174 1745 1205
193 1698 310 1758 semper
332 1682 411 1740 enim
433 1687 536 1759 partus
559 1680 669 1760 duplici
692 1680 728 1740 de
752 1682 863 1740 semine
886 1686 1013 1759 constat,

192 1774 279 1847 atque
301 1769 362 1828 utri
385 1769 509 1828 similest
527 1771 620 1847 magis
638 1769 667 1827 id
687 1767 892 1847 quodcumque
912 1774 1037 1846 creatur,
1053 1788 1106 1828 12³0

193 1859 256 1916 eius
279 1855 367 1916 habet
388 1857 455 1935 plus
477 1863 560 1935 parte
584 1874 688 1936 aequa,
712 1855 789 1934 quod
812 1873 935 1916 cernere
958 1857 1068 1934 possis,

194 1946 254 2004 sire
277 1947 372 2004 virum
396 1942 513 2004 suboles
537 1946 627 2004 sivest
649 1943 803 2004 muliebris
827 1947 917 2021 origo.

104 2047 180 2101 1225
235 2032 297 2092 Nec
319 2032 417 2092 divina
440 2039 534 2092 satum
557 2031 713 2109 genitalem
735 2033 856 2091 numina
879 2033 1015 2109 cuiquam

103 2136 175 2186 1210
195 2120 372 2201 absterrent,
394 2126 479 2199 pater
501 2139 518 2180 a
540 2122 635 2197 gnatis
657 2137 695 2179 ne
719 2117 853 2178 dulcibus
876 2136 1016 2196 umquam

194 2207 356 2287 appelletur
379 2215 408 2269 et
430 2214 463 2268 ut
486 2206 580 2267 sterili
602 2206 715 2267 Venere
738 2209 834 2283 exigat
857 2222 970 2285 aevom;
1056 2225 1107 2289 mss

195 2297 272 2376 quod
294 2296 467 2376 plerumque
490 2301 607 2376 putant,
630 2302 660 2354 et
681 2293 772 2354 multo
796 2294 938 2370 sanguine
960 2294 1064 2352 maesti

195 2392 393 2463 conspergunt
415 2403 480 2445 aras
503 2382 678 2462 adolentque
701 2381 802 2442 altaria
825 2381 924 2461 donis3

103 2487 180 2538 1230
192 2479 226 2532 ut
248 2473 380 2550 gravidas
403 2472 526 2532 reddant
548 2489 656 2531 uxores
679 2472 790 2530 semine
813 2469 907 2549 largo,

106 2575 175 2625 1215
195 2561 373 2638 nequiquam
395 2559 492 2619 divom
516 2578 626 2620 numen
649 2562 795 2637 sortisque
821 2559 950 2636 fatigant.

195 2666 262 2707 nam
286 2647 401 2707 steriles
424 2650 547 2708 nimium
570 2666 669 2708 crasso
693 2657 761 2707 sunt
785 2648 896 2706 semine
919 2647 1039 2725 partim,
1056 2668 1109 2707 1240

196 2741 226 2795 et
247 2734 359 2814 liquido
381 2742 499 2813 praeter
521 2738 632 2796 iustum
654 2737 795 2814 tenuique
817 2736 957 2794 vicissim.

194 2829 279 2883 tenve
303 2823 375 2883 locis
399 2826 467 2902 quia
490 2841 549 2883 non
570 2825 649 2903 potis
672 2829 717 2883 est
740 2823 866 2900 adfigere
889 2821 1060 2900 adhaesum,

105 2926 182 2979 1235
192 2911 316 2990 liquitur
339 2910 484 2990 extemplo
508 2918 537 2971 et
559 2917 726 2971 revocatum
750 2909 828 2970 cedit
852 2909 964 2969 abortu.

107 3015 177 3064 1220
196 2993 325 3060 crassius
347 2999 394 3058 his
416 3017 505 3078 porro
530 3001 667 3078 quoniam
690 3000 857 3058 concretius
881 3016 973 3076 aequo

195 3090 335 3168 mittitur,
358 3094 489 3147 autnon
512 3093 571 3148 tam
593 3087 708 3166 prolixo
730 3085 863 3165 provolat
884 3087 945 3145 ictu
1060 3107 1111 3147 1245

196 3185 246 3236 aut
267 3182 423 3255 penetrare
446 3174 526 3235 locos
550 3194 642 3254 aeque
664 3177 768 3254 nequit
791 3181 840 3234 aut
862 3179 1047 3252 penetratum

195 3281 283 3343 aegre
306 3264 485 3324 admiscetur
507 3263 645 3324 muliebri
668 3265 779 3323 semine
804 3280 912 3322 semen.

105 3365 180 3416 1240
194 3370 263 3412 nam
285 3352 410 3412 multum
433 3353 602 3413 harmoniae
624 3351 746 3412 Veneris
770 3351 889 3411 differre
912 3350 1055 3411 videntur.

66 3468 68 3473 ·
107 3447 284 3520 lassetque
307 3441 379 3501 alias
401 3439 452 3500 alii
474 3439 621 3519 complent
642 3442 749 3520 magis,
773 3458 808 3499 ex
829 3439 953 3518 aliisque

197 3532 362 3608 suscipiunt
384 3528 456 3590 aliae
479 3528 596 3609 pondus
617 3531 713 3610 magis
733 3531 828 3609 inope
849 3533 1039 3608 marescum,
1067 3545 1125 3583 ms

148 3635 293 3678 Dnonrrms.
308 3638 342 3680 sd.
356 3635 489 3692 Brlsger.
906 3634 927 3682 ‘il
