2430 3862
96 182 140 245 42
584 179 611 232 Π

168 330 319 405 sanguinis
342 329 481 407 expirans
504 326 631 388 calidum
654 329 691 389 de
714 336 834 409 pectore
857 328 988 390 flumen:¹

98 426 149 474 355
169 426 199 476 at
220 424 314 476 mater
337 415 440 476 viridis
463 414 555 476 saltus
580 415 680 477 orbata
703 435 864 496 peragrans

169 507 265 564 noscit
285 504 370 565 humi
390 503 516 582 pedibus
539 507 662 583 vestigia
683 524 787 584 pressa
809 505 947 586 bisulcis,

170 595 267 653 omnia
290 594 445 653 convisens
469 591 562 653 oculis
585 592 660 673 loca,
684 596 710 653 si
734 601 821 672 queat
842 612 970 672 usquam

170 684 340 761 conspicere
364 683 505 741 amissum
529 680 634 760 fetum,
657 682 843 762 completque
867 681 1009 762 querellis

170 771 364 831 frondiferum
386 768 483 828 nemu'
507 768 684 849 subsistens,
708 777 737 830 et
760 770 865 831 erebra
887 771 993 831 revisit

99 867 152 916 360
171 859 206 919 ad
230 857 390 939 stabulum,
414 856 561 917 desiderio
584 858 696 936 perfixa
719 861 850 940 iuvenci,

170 966 225 1008 neo
247 955 367 1007 tenerae
391 945 495 1005 salices
519 953 606 1024 atque
629 944 737 1006 herbae
760 965 828 1008 rore
851 949 986 1026 rigentes
1053 1011 1057 1018 ,

170 1037 349 1113 fluminaque
372 1033 421 1095 illa
444 1040 557 1112 queunt
580 1036 703 1094 summis
726 1034 855 1096 labentia
877 1037 952 1114 ripis

172 1124 317 1184 oblectare
342 1125 472 1183 animum
495 1122 651 1201 subitoque
677 1130 809 1184 avertere
833 1142 948 1204 curam,

171 1231 226 1273 neo
248 1211 407 1272 vitulorum
431 1210 504 1271 aliae
528 1213 643 1290 species
666 1229 720 1290 per
742 1210 848 1290 pabrda
871 1212 948 1272 laeta

100 1308 153 1357 365
173 1301 305 1361 derivare
329 1307 442 1379 queunt
464 1301 594 1359 animum
618 1318 746 1379 curaque
770 1299 881 1360 levare:

171 1407 265 1468 usque
289 1388 361 1447 adeo
385 1387 522 1465 quiddam
544 1389 698 1466 proprium
721 1395 881 1467 notumque
904 1390 1041 1466 requirit

172 1483 325 1557 praeterea
347 1477 444 1535 teneri
468 1474 603 1535 tremulis
626 1493 694 1534 cum
716 1475 838 1537 vocibus
861 1477 949 1537 haedi
996 1534 999 1541 .

173 1566 342 1642 cornigeras
364 1571 475 1623 norunt
495 1570 618 1642 matres,
641 1566 767 1642 agnique
790 1563 901 1643 petulci

172 1652 321 1713 balantum
344 1650 486 1729 pecudes:
509 1652 562 1730 ita,
586 1651 663 1729 quod
687 1659 791 1712 natura
814 1655 957 1733 reposcit,

103 1750 154 1799 370
174 1741 209 1801 ad
233 1758 285 1800 sua
308 1741 433 1818 quisque
456 1739 518 1798 fere
542 1737 703 1800 decurrunt
725 1740 816 1800 ubera
838 1739 931 1802 lactis.
1010 1792 1015 1800 .

173 1835 322 1909 postremo
345 1826 468 1906 quodvis
491 1826 670 1887 frumentum
693 1846 752 1889 non
775 1836 874 1889 tamen
897 1847 984 1890 omne

175 1919 284 1997 quique
308 1934 360 1975 suo
384 1933 491 1994 genere
514 1917 592 1975 inter
615 1934 647 1976 se
671 1917 766 1978 simile
791 1936 856 1978 esse
878 1916 1007 1998 videbis,
1067 1925 1071 1933 '

158 2007 246 2085 0quin
268 2007 447 2065 intercurrat
470 2003 611 2082 quaedam
635 2004 774 2065 distantia
797 2006 909 2066 formis.

175 2093 410 2171 concharumque
434 2110 527 2171 genus
549 2091 636 2171 parili
657 2096 771 2153 ratione
794 2094 928 2154 videmus

104 2190 156 2240 375
174 2185 296 2263 pingere
319 2181 434 2241 telluris
457 2183 615 2261 gremium,
639 2200 695 2260 qua
717 2180 856 2243 mollibus
879 2182 967 2243 undis

175 2272 270 2332 litoris
293 2272 408 2331 incurvi
430 2268 561 2329 bibulam
583 2271 662 2348 pavit
685 2288 795 2349 aequor
817 2271 965 2330 harenam.

176 2377 266 2440 quare
290 2361 378 2419 etiam
401 2365 487 2437 atque
511 2360 599 2418 etiam
623 2356 712 2417 simili
735 2361 853 2419 ratione·
871 2364 1037 2440 necessest,

175 2455 278 2508 natura
302 2449 440 2525 quoniam
463 2453 598 2505 constant
620 2464 716 2524 neque
739 2447 813 2507 facta
836 2465 924 2508 mauu
948 2455 1018 2508 suut

175 2537 264 2595 unius
288 2534 323 2593 ad
347 2540 458 2592 certam
481 2532 604 2593 formam
627 2535 787 2612 primordia
811 2553 924 2617 rerum,

105 2631 157 2681 380
176 2620 314 2682 dissimili
336 2623 415 2680 inter
438 2639 469 2681 se
493 2621 636 2699 quaedam
658 2621 779 2682 volitare
803 2624 905 2702 figura.

599 2728 617 2767 *

176 2798 345 2880 perfacilest
367 2799 457 2858 animi
479 2800 592 2858 ratione
616 2798 766 2859 exsolvere
788 2799 875 2860 nobis

177 2907 268 2967 quare
291 2887 450 2949 fulmineus
471 2885 564 2946 multo
587 2887 766 2965 penetralior
788 2889 866 2966 ignis

179 2994 265 3055 quam
288 2983 390 3035 noster
413 2974 473 3035 fuat
496 2993 512 3034 e
535 2974 630 3034 taedis
653 2976 846 3037 terrestribus
870 2983 966 3037 ortus:

178 3064 276 3124 dicere
301 3066 380 3124 enim
402 3064 499 3141 possis
522 3062 678 3123 caelestem
702 3064 833 3124 fulminis
856 3067 955 3143 ignem

108 3161 159 3210 385
179 3152 317 3213 subtilem
339 3153 433 3229 magis
456 3169 472 3211 3
494 3153 592 3229 parvis
616 3159 751 3213 constare
775 3153 878 3231 figuris

179 3249 266 3319 atque
289 3241 355 3301 ideo
379 3241 505 3300 transire
529 3240 671 3300 foramina
695 3259 768 3320 quae
792 3243 895 3320 nequit
917 3243 995 3319 ignis

178 3337 280 3390 noster
302 3329 351 3389 hic
374 3347 389 3389 e
413 3328 500 3407 lignis
523 3335 606 3388 ortus
629 3328 772 3408 taedaque
796 3337 920 3390 creatus.

178 3425 329 3497 praeterea
352 3417 452 3476 lumen
474 3435 529 3495 per
552 3434 675 3476 cornum
697 3419 817 3499 transit,
841 3425 870 3478 at
892 3417 990 3478 imber

178 3508 337 3586 respuitur.
379 3502 492 3583 quare?
527 3507 586 3565 nisi
609 3504 728 3565 luminis
751 3504 801 3565 illa
823 3508 938 3566 minora
