2430 3878
145 185 187 248 68
627 186 667 241 ΙΙΙ

216 351 336 394 sensum
358 335 448 393 animi
471 341 551 395 certa
574 352 633 394 non
657 352 722 394 esse
746 336 777 393 in
799 340 883 412 parte
905 333 1053 415 locatum,

214 440 317 482 verum
339 421 471 482 habitum
496 423 642 501 quendam
664 422 782 482 vitalem
806 423 938 501 corporis
962 440 1046 503 esse,

146 525 197 574 100
215 509 397 570 harmoniam
420 509 489 570 Grai
513 529 598 590 quam
622 511 735 591 dicunt,
759 510 837 589 quod
860 510 947 570 iaciat
969 529 1027 570 nos

214 600 312 658 vivere
336 617 402 659 cum
426 616 528 679 sensu,
551 599 630 659 nulla
654 617 722 659 cum
744 600 776 659 in
798 604 882 677 parte
905 600 963 659 siet
985 616 1090 680 mens3

215 693 248 746 ut
270 685 347 747 hona
370 705 456 765 saepe
479 686 613 747 valetudo
637 705 704 746 cum
727 687 835 747 dicitur
858 704 924 746 esse

216 777 361 855 corporis,
385 781 414 834 et
435 792 495 834 non
519 782 564 835 est
585 783 684 835 tamen
706 774 778 835 haec
800 793 868 854 pars
891 774 951 835 ulla
973 775 1119 858 valentis3

216 865 259 922 sic
283 865 373 922 animi
396 881 516 924 sensum
538 882 598 923 non
621 871 700 924 certa
722 870 805 942 parte
831 870 991 941 reponunt:

148 966 197 1016 105
216 969 320 1028 magno
344 968 433 1029 opere
457 953 487 1011 in
512 970 569 1030 quo
592 953 634 1011 mi
656 952 767 1011 diversi
789 969 888 1011 errare
912 951 1060 1013 videntur.

216 1057 303 1117 saepe
326 1040 425 1118 itaque
448 1042 480 1099 in
504 1047 643 1119 promptu
666 1057 773 1118 corpus
792 1038 870 1118 quod
889 1042 1023 1100 cernitur
1041 1049 1157 1122 aegret,

216 1146 283 1188 cum
306 1134 404 1187 tamen
427 1146 463 1187 ex
486 1128 542 1187 alia
564 1128 707 1188 laetamur
728 1135 811 1206 parte
834 1127 949 1188 latenti:

216 1222 246 1276 et
268 1221 348 1276 retro
371 1217 403 1276 tit
426 1219 470 1276 uti
494 1223 595 1276 contra
618 1218 657 1277 sit
679 1234 766 1294 saepe
788 1217 932 1296 vicissim,

217 1322 283 1364 cum
306 1306 398 1364 miser
420 1322 456 1363 ex
480 1307 576 1364 animo
600 1304 724 1364 laetatur
746 1321 870 1383 corpore
893 1310 967 1383 toto;

145 1408 197 1458 110
216 1410 275 1452 non
299 1391 354 1451 alio
377 1399 462 1471 pacto
486 1410 572 1470 quam
596 1394 634 1472 si,
657 1411 710 1471 pes
733 1410 801 1452 cum
823 1391 902 1452 dolet
925 1410 1027 1473 aeger,

216 1482 247 1540 in
270 1479 350 1540 nullo
374 1487 460 1558 caput
482 1483 596 1540 interea
619 1483 658 1540 sit
680 1481 755 1540 10000
779 1479 887 1540 dolore.

215 1575 368 1647 praeterea
390 1567 471 1627 molli
495 1587 561 1629 cum
586 1586 688 1628 somno
712 1568 808 1628 dedita
832 1567 964 1628 membra
1028 1618 1031 1623 .

216 1656 401 1734 effusumque
424 1658 500 1716 iacet
523 1659 586 1716 sine
611 1675 700 1718 sensu
723 1675 829 1735 corpus
854 1663 1006 1736 onustum,

216 1751 262 1804 est
284 1743 362 1804 aliud
385 1746 536 1804 tamenin
559 1743 644 1804 nobis
668 1744 746 1823 quod
768 1752 900 1823 tempore
923 1746 955 1804 in
978 1743 1030 1804 illo

148 1851 197 1899 115
215 1831 397 1893 multimodis
421 1835 546 1910 agitatur
569 1839 599 1892 et
621 1835 716 1893 omnis
740 1834 846 1911 accipit
868 1834 899 1892 in
923 1850 955 1892 00

216 1921 343 1981 100010100
366 1927 463 1980 motus
487 1927 517 1980 et
539 1938 625 1981 curas
648 1920 746 1981 cordis
767 1922 872 1980 inanis.

216 2027 294 2069 nnnc
313 2011 439 2069 animam
458 2027 574 2087 quoque
592 2015 625 2069 ut
643 2011 675 2068 in
692 2007 834 2068 membris
851 2025 1032 2086 cognoscere
1052 2013 1154 2088 possis

218 2116 295 2178 esse,
319 2115 414 2176 neque
437 2097 588 2157 harmonia
612 2114 719 2175 corpus
742 2099 853 2157 sentire
877 2095 986 2176 solere,

216 2187 361 2265 principio
385 2185 418 2244 lit
440 2187 484 2245 uti
507 2185 637 2246 detracto
662 2203 784 2263 corpore
807 2183 899 2244 multo

149 2292 198 2340 120
217 2292 303 2353 saepe
326 2280 424 2334 tamen
447 2273 532 2333 nobis
554 2275 585 2333 in
609 2272 749 2333 membris
772 2275 831 2332 vita
853 2278 1000 2333 moretur:

218 2369 304 2441 atque
328 2361 429 2421 eadem
453 2380 584 2440 rursum,
608 2379 675 2422 cum
698 2379 822 2440 corpora
844 2378 936 2439 pauca
959 2360 1066 2422 caloris

218 2450 360 2526 diffugere
382 2450 518 2528 forasque
541 2468 596 2529 per
619 2468 651 2509 os
675 2457 720 2509 000
743 2450 838 2510 editus
862 2453 924 2528 000,

218 2538 329 2620 deserit
352 2536 497 2616 extemplo
521 2555 609 2598 vonas
633 2544 719 2616 atque
743 2555 809 2598 ossa
832 2536 987 2617 relinquit3

217 2641 340 2684 noscere
364 2632 397 2684 ut
418 2625 487 2686 hinc
510 2628 606 2704 possis
629 2644 688 2686 non
712 2644 819 2704 aequas
842 2626 939 2685 omnia
962 2627 1055 2703 partis

149 2730 199 2779 125
218 2730 342 2792 corpora
363 2711 472 2773 habere
495 2731 591 2792 neque
615 2732 650 2774 ex
674 2731 766 2792 aequo
790 2712 894 2773 fulcire
918 2711 1055 2793 salutem,

219 2801 271 2861 sed
294 2803 386 2879 magis
409 2800 494 2881 haec,
517 2804 597 2861 venti
620 2820 693 2880 quae
717 2809 786 2862 sunt
809 2801 954 2878 calidique
978 2803 1095 2880 vaporis

219 2892 344 2970 semina,
367 2907 470 2950 curare
494 2892 525 2949 in
547 2889 688 2950 membris
711 2896 744 2949 ut
767 2891 825 2950 vita
847 2895 987 2950 moretur.

218 2985 264 3038 est
286 2980 376 3056 igitur
399 2977 478 3038 calor
501 2996 534 3038 ac
557 2984 661 3038 ventus
684 2978 780 3038 vitalis
803 2979 834 3037 in
857 2979 921 3056 ipso

219 3083 355 3146 corpore,
379 3068 430 3144 qui
452 3065 538 3126 nobis
560 3065 752 3127 moribundos
776 3065 886 3125 deserit
909 3073 998 3125 artus.

149 3170 199 3220 130
219 3160 397 3233 quapropter
420 3156 586 3232 quoniamst
609 3156 700 3214 animi
721 3160 825 3214 natura
848 3160 966 3232 reperta

219 3249 306 3320 atque
330 3244 443 3302 animae
468 3244 552 3321 quasi
574 3261 642 3320 pars
665 3242 805 3322 hominis,
830 3241 920 3302 redde
943 3242 1108 3302 harmoniai

217 3348 339 3410 nomen,
363 3330 397 3389 ad
422 3332 575 3409 organicos
599 3330 655 3391 alto
679 3330 807 3391 delatum
829 3330 976 3412 Heliconi3

219 3421 280 3478 sive
304 3416 420 3478 aliunde
444 3420 502 3496 ipsi
524 3436 613 3498 porro
636 3426 752 3479 traxere
776 3424 805 3478 et
826 3420 858 3478 in
880 3418 960 3478 illam

209 3505 442 3590 transtulerunt,
467 3509 591 3589 proprio
615 3525 690 3588 quae
711 3514 778 3568 tum
796 3525 848 3566 res
867 3509 988 3566 nomine
1009 3505 1120 3584 egebat.
