2430 3878
162 220 224 284 148
646 219 672 273 V

231 385 299 428 nam
322 366 388 427 fieri
409 366 455 426 vel
478 368 672 445 cumprimis
695 365 725 426 id
748 384 835 445 posse
858 366 976 426 videtur

162 473 214 522 616
232 455 405 536 Democriti,
428 453 506 533 quod
530 461 630 514 saneta
652 456 708 514 viri
732 456 877 514 sententia
900 457 998 535 ponit,

164 551 220 603 621
236 549 344 623 quanto
368 561 500 622 quaeque
523 544 617 621 magis
640 545 700 603 sint
722 549 832 602 terram
855 542 953 603 sidera
975 548 1109 624 propter,

233 638 314 692 tanto
337 649 425 710 posse
448 632 547 691 minus
570 648 637 690 oum
660 630 734 691 caeli
755 630 874 691 turbine
897 631 983 691 ferri:

234 737 410 780 evanescere
433 721 513 778 enim
535 719 652 797 rapidas
675 718 754 778 illius
777 726 807 779 et
829 720 906 779 acris
1123 739 1171 788 66.

233 809 370 869 imminui
392 814 495 886 supter
515 809 601 888 viris,
623 805 748 885 ideoque
770 806 900 886 relinqui

165 913 216 963 666
234 895 374 976 paulatim
397 893 489 957 solem
512 913 579 956 oum
602 895 807 974 posterioribu’
831 897 938 976 signis,

165 992 222 1044 626
234 985 358 1045 inferior
379 982 471 1044 multo
495 983 573 1062 quod
597 986 636 1043 sit
658 1001 745 1062 quam
768 983 879 1043 fervida
902 985 995 1061 signa.

235 1079 266 1133 et
287 1073 380 1151 magis
401 1072 458 1133 hoo
480 1070 593 1132 lunam:
616 1078 724 1150 quanto
748 1070 904 1132 demissior
927 1073 993 1131 eius

236 1179 341 1221 cursus
363 1159 447 1220 abest
468 1158 571 1238 procul
593 1178 610 1219 a
633 1158 712 1219 caelo
735 1162 882 1238 terrisque
905 1159 1098 1240 propinquat,
1126 1180 1163 1221 666

235 1256 316 1309 tanto
338 1266 426 1328 posse
449 1249 547 1308 minus
570 1266 637 1308 oum
660 1249 752 1326 signis
774 1246 896 1309 tendere
919 1264 1050 1308 cursum.

166 1353 218 1404 666
236 1336 404 1397 flaccidiore
427 1338 536 1396 etenim
559 1343 667 1414 quanto
690 1338 748 1395 iam
771 1334 889 1396 turbine
912 1336 1008 1397 fertur

167 1433 221 1484 631
237 1425 360 1486 inferior
384 1442 470 1503 quam
494 1423 551 1504 sol,
573 1430 654 1484 tanto
677 1425 770 1502 magis
793 1426 891 1484 omnia
914 1426 997 1501 signa

235 1514 310 1573 hanc
333 1512 536 1591 adipiscuntur
558 1514 683 1592 circum,
705 1518 880 1591 praeterque
903 1512 1047 1572 seruntur.

237 1607 393 1681 propterea
415 1601 449 1660 fit
470 1606 504 1660 ut
525 1600 597 1660 haee
619 1600 655 1661 ad
679 1602 796 1680 signum
819 1599 955 1680 quodque
978 1602 1089 1660 reverti
1129 1620 1167 1663 666

236 1687 375 1748 mobilius
396 1687 543 1767 videatur,
565 1686 601 1748 ad
623 1687 699 1748 bano
722 1691 789 1767 quia
813 1690 896 1766 signa
918 1689 1060 1749 revisunt.

168 1792 219 1844 ono
237 1777 270 1836 fit
293 1793 409 1855 quoque
431 1782 465 1837 ut
488 1794 503 1835 6
525 1775 628 1836 mundi
650 1777 825 1836 transversis
847 1775 982 1855 partibus
1003 1781 1057 1836 aer

168 1873 223 1923 636
237 1863 357 1925 alternis
379 1870 460 1924 66666
483 1863 575 1924 fluere
597 1863 671 1924 alter
692 1871 825 1944 tempore
847 1865 955 1946 possit,

239 1955 290 2032 qui
312 1958 400 2032 queat
421 1953 539 2013 aestivis
563 1952 654 2012 solem
677 1951 834 2012 detrudere
857 1954 950 2031 signis

237 2040 378 2101 brumalis
400 2058 495 2119 nsque
517 2039 553 2100 ad
576 2040 670 2101 flexus
692 2039 879 2119 gelidumque
901 2042 1045 2121 rigorem,
1132 2066 1170 2106 646

239 2137 269 2190 66
292 2131 343 2208 qui
365 2130 468 2190 reiciat
490 2128 594 2207 gelidis
616 2147 633 2189 a
655 2129 774 2207 frigoris
796 2128 910 2189 umbris

169 2236 221 2284 666
240 2218 391 2278 aestiferas
413 2235 508 2295 usque
530 2218 562 2276 in
584 2218 677 2296 partis
699 2223 731 2276 66
752 2216 862 2277 fervida
885 2219 977 2295 signa

169 2313 269 2366 64166
290 2307 403 2365 ratione
425 2306 491 2384 pari
513 2303 612 2365 lunam
635 2303 792 2383 stellasque
814 2304 1019 2386 putandumst,

239 2410 314 2472 quae
336 2392 455 2453 volvunt
476 2410 597 2470 magnos
619 2394 651 2452 in
673 2394 786 2471 magnis
809 2393 930 2454 orbibus
953 2412 1060 2474 annos,

240 2479 357 2540 aeribus
379 2498 466 2558 posse
489 2480 610 2542 alternis
632 2498 649 2540 6
671 2480 804 2559 partibus
826 2483 880 2543 ire.
1131 2507 1170 2548 666

240 2584 338 2628 nonne
360 2568 442 2628 vides
465 2571 552 2629 etiam
576 2569 700 2630 diversis
722 2567 822 2629 nubila
844 2571 940 2630 ventis

171 2674 221 2723 666
240 2655 371 2716 diversas
393 2658 438 2716 ire
460 2659 492 2716 in
514 2659 606 2736 partis
630 2658 743 2717 inferna
766 2654 925 2737 supernis?

170 2752 225 2803 646
239 2746 291 2822 qui
312 2746 410 2805 minus
432 2743 481 2804 illa
504 2752 613 2823 queant
633 2763 688 2825 per
709 2763 831 2824 magnos
854 2746 983 2806 aetheris
1005 2747 1088 2808 orbis

240 2831 370 2893 aestibus
392 2834 470 2893 inter
493 2850 524 2892 se
548 2833 671 2895 diversis
695 2834 791 2895 sidera
814 2830 907 2897 ferri?

283 2921 320 2981 At
341 2938 400 2981 nox
422 2919 521 2982 obruit
542 2923 655 3000 ingenti
678 2922 801 3001 caligine
823 2928 933 3003 terras,
1132 2946 1170 2987 666

242 3015 292 3069 aut
313 3008 366 3069 ubi
388 3007 424 3068 de
446 3007 532 3088 longo
556 3029 645 3072 cursu
668 3010 713 3071 sol
735 3010 836 3070 ultima
859 3009 934 3071 caeli

171 3113 223 3162 646
241 3096 358 3177 impulit
380 3104 466 3176 atque
490 3116 559 3158 suos
581 3099 690 3159 efflavit
711 3097 866 3177 languidus
889 3100 966 3177 ignis

171 3192 223 3242 651
242 3202 400 3246 concussos
422 3187 497 3246 itere
520 3192 551 3245 et
572 3184 729 3247 labefactos
751 3191 819 3247 6666
842 3185 949 3268 multo,

242 3279 293 3333 aut
315 3274 382 3351 quia
406 3272 460 3333 sub
483 3280 578 3333 terras
601 3292 719 3335 cursum
741 3282 914 3336 convortere
937 3277 1016 3354 dogit

240 3363 285 3420 vis
309 3361 424 3442 eadem,
448 3379 535 3440 supra
558 3380 632 3440 quae
655 3369 750 3423 terras
772 3362 895 3443 pertulit
917 3363 1029 3425 orbem.
1131 3385 1167 3427 666

283 3447 428 3531 Tempore
450 3451 524 3512 item
545 3457 626 3512 nerto
649 3469 763 3512 roseam
785 3459 889 3512 natura
911 3470 966 3531 per
988 3471 1056 3513 oras

149 3552 205 3604 646
224 3539 363 3604 aetheris
388 3559 533 3606 auroram
556 3541 661 3605 dillert
682 3547 713 3603 et
728 3540 847 3602 lumina
861 3539 980 3618 pandit,
