2430 3878
560 171 600 226 IV
1040 171 1080 235 97

89 327 281 386 donaturam
305 337 404 380 rerum
430 337 462 379 ac
485 321 633 398 persentis
656 319 850 399 utilitatemll

88 426 129 476 48
191 408 248 468 Sed
272 410 410 486 quoniam
434 407 520 468 docui
543 415 715 469 cunctarum
738 409 858 468 exordia
881 427 982 469 rerum
1057 426 1084 468 45

148 495 245 575 qualia
267 499 328 556 sint
350 503 380 556 et
403 514 490 574 quam
513 498 602 555 variis
626 496 763 557 distantia
786 497 888 557 formis

92 601 132 652 50
148 591 253 664 sponte
277 603 330 644 sua
351 583 474 644 volitent
496 591 615 644 aeterno
638 587 750 663 percita
772 592 854 646 motu

148 691 265 752 quoque
288 672 376 732 modo
399 675 493 750 possit
515 691 564 732 res
587 691 623 732 ex
645 673 692 733 his
716 692 849 752 quaeque
873 675 981 752 creari,
1057 695 1084 733 10

91 778 129 826 30
148 769 236 840 atque
258 763 351 821 animi
372 763 510 839 quoniam
533 760 621 821 docui
643 768 746 822 natura
770 761 840 840 quid
863 768 942 821 esset
1058 783 1083 821 ro

93 866 135 918 27
150 857 179 910 et
201 849 309 928 quibus
332 867 348 908 e
372 848 461 909 rebus
485 867 552 909 cum
576 867 699 928 corpore
723 856 838 928 compta
860 852 973 927 vigeret

149 956 242 1016 quove
263 937 352 998 modo
375 936 514 997 distracta
536 937 649 997 rediret
670 940 702 996 in
725 937 807 997 ordia
830 939 938 1017 prima,

148 1043 227 1086 nunc
250 1043 337 1104 agere
359 1027 498 1104 incipiam
520 1024 585 1104 tibi,
608 1025 686 1103 quod
704 1032 856 1085 vementer
879 1025 915 1085 ad
937 1024 990 1084 has
1014 1042 1062 1083 res

95 1130 133 1181 30
149 1116 265 1194 attinet,
288 1131 354 1174 esse
378 1131 508 1191 eaquae
532 1131 632 1173 rerum
656 1113 811 1173 simulacra
833 1131 983 1173 vocamus:
1058 1136 1084 1175 eo

93 1218 237 1282 eaquae,
261 1203 345 1280 quasi
367 1201 554 1261 membranae
577 1219 691 1261 summo
715 1201 751 1261 de
775 1219 898 1280 corpore
922 1219 1021 1261 rerum

150 1290 301 1370 dereptae,
323 1289 445 1350 volitant
466 1289 603 1367 ultroque
627 1292 760 1368 citroque
783 1307 836 1368 per
859 1307 958 1369 auras,

150 1386 237 1457 atque
260 1377 362 1438 eadem
384 1377 471 1437 nobis
494 1377 682 1456 vigilantibus
705 1377 789 1438 obvia
811 1385 927 1438 mentes

149 1467 312 1526 terrificant
334 1473 421 1544 atque
444 1469 476 1526 in
499 1468 623 1545 somnis,
646 1485 713 1527 cum
737 1485 824 1545 saepe
847 1467 956 1544 figuras

95 1569 133 1621 35
151 1557 317 1615 contuimur
339 1557 430 1614 miras
454 1554 667 1632 simulacraque
691 1553 756 1614 luce
780 1561 944 1634 carentum,
1059 1575 1084 1615 es

95 1659 132 1707 4ο
152 1661 225 1722 quae
249 1661 303 1702 nos
326 1642 463 1702 horrifice
486 1641 652 1721 languentis
676 1661 764 1721 saepe
788 1661 892 1720 sopore

151 1734 316 1811 excierunt,
339 1749 376 1790 ne
399 1731 474 1790 forte
497 1732 608 1790 animas
630 1731 797 1791 Acherunte
820 1749 939 1792 reamur

150 1820 278 1898 effugere
302 1825 352 1878 aut
373 1817 494 1879 umbras
516 1821 595 1879 inter
617 1821 698 1879 vivos
720 1819 856 1899 volitare,

150 1925 224 1967 neve
246 1906 356 1985 aliquid
379 1909 476 1966 nostri
497 1914 564 1986 post
585 1914 711 1967 mortem
733 1925 821 1986 posse
845 1906 985 1986 relinqui,

96 2011 219 2062 40011111
242 2012 348 2073 corpus
372 1993 460 2054 simul
482 2001 569 2073 atque
593 1997 684 2055 animi
707 2002 811 2055 natura
833 2002 984 2073 perempta
1059 2017 1086 2056 10

92 2099 131 2148 45
151 2085 183 2143 in
206 2101 258 2143 sua
281 2083 445 2143 discessum
469 2082 604 2142 dederint
625 2082 787 2161 primordia
810 2101 952 2161 quaeque.

574 2189 592 2228 1

77 2275 137 2327 126
151 2261 223 2337 quin
244 2261 343 2338 potius
366 2277 471 2320 noscas
494 2278 594 2319 rerum
618 2258 773 2319 simulacra
796 2261 895 2336 vagari
1048 2281 1085 2319 111

76 2347 240 2414 126multa
263 2348 359 2408 modis
381 2348 482 2408 multis
505 2347 584 2407 nulla
606 2350 636 2407 vi
658 2365 799 2426 cassaque
823 2364 921 2407 sensu
1048 2368 1086 2407 110

95 2451 136 2502 42
193 2434 264 2496 Dico
287 2438 378 2514 igitur
399 2454 500 2496 rerum
523 2435 635 2514 effigias
657 2437 815 2514 tenuisque
838 2436 947 2513 figuras
1059 2458 1086 2494 11

151 2525 263 2584 mittier
285 2523 320 2584 ab
343 2523 446 2603 rebus,
470 2542 584 2584 summo
608 2523 643 2584 de
667 2542 790 2603 corpore
813 2542 926 2604 rerum3
1060 2546 1087 2584 11

96 2627 133 2677 50
151 2605 160 2695 11
174 2630 249 2690 quae
272 2614 357 2690 quasi
377 2611 565 2673 membranae
588 2612 634 2672 vel
657 2619 757 2672 cortex
780 2611 1023 2690 nominitandast,
1061 2633 1086 2672 11

95 2717 134 2766 45
150 2700 228 2779 quod
252 2702 381 2779 speciem
404 2719 437 2761 ac
460 2700 583 2761 formam
607 2700 733 2760 similem
756 2704 833 2780 gerit
855 2703 919 2760 eius
942 2703 1051 2779 imago,

140 2791 363 2867 ‘cuiuscumque
387 2787 466 2849 cluet
488 2789 524 2850 de
548 2807 671 2868 corpore
694 2789 759 2848 fusa
782 2786 917 2866 vagariss
1061 2808 1087 2848 aa

95 2893 134 2942 47
150 2877 180 2937 id
203 2876 273 2938 licet
294 2877 364 2937 hinc
387 2880 520 2955 quamvis
543 2877 643 2938 hebeti
665 2894 844 2954 cognoscere
868 2875 965 2936 corde.
1061 2899 1088 2936 11

149 2967 296 3044 principio
319 2967 457 3044 quoniam
479 2968 601 3026 mittunt
623 2967 654 3025 in
677 2963 767 3025 rebus
790 2966 900 3042 apertis
1063 2987 1089 3023 11

94 3070 133 3119 55
151 3072 274 3132 corpora
297 3072 346 3114 res
368 3053 490 3134 multae,
512 3056 619 3132 partim
643 3053 747 3113 diffusa
771 3051 881 3132 solute,
1062 3072 1088 3112 aa

151 3142 257 3201 robora
280 3160 335 3202 ceu
358 3142 471 3202 fumum
493 3144 614 3202 mittunt
636 3143 778 3219 ignesque
801 3158 953 3219 vaporem,

94 3244 135 3296 55
151 3237 180 3290 et
201 3233 310 3310 partim
333 3237 468 3291 contexta
490 3233 584 3308 magis
608 3229 827 3308 condensaque,
851 3235 885 3288 ut
908 3227 977 3288 olim

152 3337 219 3379 cum
242 3321 345 3378 teretis
368 3325 481 3398 ponunt
504 3321 618 3378 tunicas
642 3324 752 3377 aestate
776 3316 908 3396 cicadae,

151 3413 181 3467 et
202 3407 287 3467 vituli
310 3425 376 3467 cum
399 3405 584 3466 membranas
608 3405 644 3466 de
668 3423 791 3485 corpore
816 3423 931 3466 summo

428 3491 484 3573 [49
504 3493 561 3574 sq]
577 3521 618 3543 =
633 3491 674 3555 33
696 3513 739 3574 sq.

125 3606 267 3644 Lacetanos.
283 3605 318 3645 ed,
332 3605 462 3656 Brieger.
880 3602 899 3649 't
