2430 3878
565 197 604 252 111
1045 201 1086 260 91

155 362 249 422 aequo
273 345 429 422 animoque
453 346 533 425 capis
558 363 705 426 securam,
728 345 829 427 stulte,
853 343 1003 424 quietem?

156 434 203 491 sin
227 449 261 491 ea
284 450 359 510 quae
382 432 496 492 lructus
518 451 644 512 cumque
667 451 700 494 es
723 436 839 512 periere
862 435 995 514 profusa,
1051 456 1090 495 999

155 521 272 598 vitaque
295 522 327 580 in
350 520 503 599 offensast,
526 539 579 581 cnr
602 520 726 600 amplius
750 521 857 581 addere
880 525 1011 602 quaeris,

75 623 139 675 940
156 625 275 668 rursum
303 607 381 686 quod
408 615 510 685 pereat
532 607 608 669 male
632 616 662 669 et
683 611 831 687 ingratum
854 610 967 670 occidat
990 628 1089 690 omne,

75 713 138 762 940
155 713 216 756 909
237 698 338 775 potins
360 698 436 756 ritae
459 695 549 756 finem
570 697 643 757 tacis
662 703 753 776 atque
774 694 906 758 laboris?

155 801 223 844 nam
246 783 301 843 tibi
323 790 477 864 praeterea
500 785 578 862 qnod
601 785 754 846 machiner
776 787 994 866 inveniamque,

157 872 234 951 quod
257 870 383 951 placeat,
405 871 449 931 nil
471 878 529 932 est:
552 872 654 933 eadem
678 880 747 934 sunt
769 876 867 934 omnia
890 867 1014 952 semper.
1051 895 1090 934 999

157 962 183 1020 91
205 959 260 1020 tibi
282 978 342 1020 non
365 961 450 1020 annis
473 979 581 1039 corpus
603 963 662 1020 iam
685 968 796 1022 marcet
819 968 849 1021 et
871 970 952 1021 artus

80 1064 140 1115 945
156 1048 283 1108 conlecti
304 1046 456 1127 languent,
480 1048 582 1127 eadem
604 1055 703 1109 tamen
726 1052 822 1109 omnia
845 1055 970 1128 restant,

79 1137 255 1202 9411091919
278 1137 304 1196 si
326 1154 432 1215 pergas
453 1136 576 1196 vivendo
600 1139 718 1197 vincere
741 1137 849 1217 saecla,

155 1231 243 1304 atque
266 1226 354 1284 etiam
376 1226 488 1305 potius,
512 1226 538 1284 si
560 1243 720 1303 numquam
743 1227 784 1284 sis
807 1220 989 1305 moriturus',

156 1312 227 1391 quid
250 1312 476 1393 respondemus,
499 1314 558 1372 9191
581 1315 688 1373 iustam
711 1312 864 1373 intendere
887 1312 969 1372 litem
1049 1336 1089 1375 999

156 1407 290 1461 naturam
313 1407 343 1460 et
365 1417 465 1460 veram
488 1399 586 1461 verbis
609 1419 756 1479 exponere
779 1397 918 1461 causam?

80 1504 139 1556 950
156 1488 295 1568 grandior
316 1487 365 1548 hic
387 1507 457 1548 vero
482 1491 508 1548 si
530 1490 589 1549 iam
612 1490 770 1568 seniorque
793 1495 933 1567 queratur
1050 1510 1089 1550 999

80 1594 137 1643 900
155 1583 242 1656 atque
266 1575 378 1637 obitum
401 1575 578 1637 lamentetur
599 1579 692 1638 miser
714 1575 839 1655 amplius
862 1594 969 1656 aequo,
1050 1597 1089 1638 999

155 1683 215 1725 909
237 1667 343 1725 merito
365 1664 504 1725 inclamet
525 1667 619 1743 magis
642 1672 672 1725 et
693 1683 764 1725 voce
787 1667 921 1743 increpet
943 1660 1025 1725 acri?
1050 1687 1088 1726 999

155 1749 251 1814 ‘auler
273 1752 380 1813 ahhinc
402 1752 547 1833 lacrimas,
568 1752 690 1834 balatro,
713 1759 743 1814 et
761 1771 915 1832 compesce
935 1751 1088 1831 querellas.

155 1844 254 1901 omnia
275 1841 449 1919 perfunctus
471 1843 541 1901 vitai
563 1843 694 1920 praemia
715 1859 844 1901 marces:
1050 1863 1089 1902 999

81 1944 139 1996 955
155 1929 208 1990 sed
231 1931 299 2008 quia
323 1946 441 2008 semper
463 1947 530 1989 ares
554 1929 633 2008 quod
655 1929 751 2010 abest,
776 1931 944 2008 praesentia
967 1931 1088 2008 temnis,

80 2035 136 2085 900
154 2018 317 2095 inperfecta
339 2015 395 2076 tihi
417 2015 544 2095 elapsast
565 2019 738 2096 ingrataque
760 2019 833 2097 vita,

156 2112 186 2166 et
208 2106 397 2184 necopinanti
419 2123 500 2164 mors
522 2105 559 2164 ad
581 2111 668 2183 caput
691 2104 803 2164 adstitit
826 2112 892 2164 ante

155 2211 244 2273 quam
267 2200 348 2253 satur
371 2211 404 2252 99
427 2191 532 2271 plenus
555 2195 652 2270 possis
675 2191 827 2252 discedere
851 2209 960 2252 rerum.
1050 2214 1088 2254 999

155 2299 234 2342 9999
257 2281 351 2341 911999
373 2287 545 2340 tnatamen
568 2287 660 2340 aetate
684 2282 782 2340 omnia
805 2282 889 2340 mitte

81 2386 139 2436 969
156 2387 249 2449 aequo
273 2371 442 2448 animoque,
469 2368 606 2448 agedum,
629 2371 724 2446 gnatis
747 2367 889 2429 concede:
916 2364 1088 2427 necessest?

81 2473 137 2523 960
155 2460 235 2537 inre,
257 2465 291 2517 ut
314 2459 432 2536 opinor,
455 2462 533 2536 agat,
556 2458 621 2516 iure
644 2459 777 2534 increpet
798 2455 972 2534 inciletque:

155 2545 234 2606 cedit
257 2547 336 2605 enim
359 2562 460 2604 rernm
483 2546 610 2604 novitate
634 2551 752 2604 extrusa
775 2551 904 2605 vetustas

156 2651 286 2713 semper,
310 2639 339 2693 et
362 2652 398 2693 ex
420 2631 486 2693 aliis
509 2631 587 2693 aliud
610 2651 747 2711 reparare
770 2639 930 2694 necessest.
1050 2654 1089 2694 999

154 2740 210 2782 999
233 2723 388 2800 quisquam
413 2723 445 2780 19
467 2720 638 2781 barathrum
660 2738 715 2781 nec
734 2721 854 2781 Tartara
877 2720 994 2780 deditur
1013 2726 1088 2779 atra:

81 2824 138 2876 965
154 2811 293 2870 materies
317 2827 391 2888 opus
414 2815 473 2890 est,
494 2816 529 2870 ut
551 2816 686 2869 crescant
707 2816 825 2887 postera
848 2806 955 2888 saecla3

81 2912 136 2963 909
156 2916 230 2976 quae
253 2904 352 2958 tamen
375 2899 473 2957 omnia
494 2904 524 2957 te
547 2899 605 2956 vita
628 2897 782 2976 perfuncta
805 2902 978 2974 sequentur:

154 3004 210 3046 nec
228 2988 327 3046 minus
346 3003 416 3063 ergo
435 2992 502 3046 ante
520 2985 593 3045 haec
614 3003 701 3063 quam
715 2992 747 3044 tu
761 2983 895 3044 cecidere
917 2982 1087 3061 cadentque.

155 3076 199 3134 sic
222 3073 280 3134 alid
304 3093 339 3134 ex
363 3073 419 3134 9110
441 3091 601 3151 numquam
625 3073 748 3132 desistet
771 3073 856 3152 oriri,
1050 3095 1088 3134 990
1145 3063 1150 3073 ’

153 3164 271 3241 vitaque
293 3164 440 3240 mancipio
463 3160 537 3220 nulli
560 3161 657 3241 datur,
681 3160 817 3219 omnihus
840 3177 905 3219 usu.

82 3266 139 3316 970
154 3253 270 3329 respice
293 3253 366 3310 item
389 3267 477 3328 qnam
499 3249 541 3308 nil
564 3249 601 3308 ad
623 3266 677 3308 nos
700 3254 766 3307 ante
790 3255 853 3307 acta
875 3255 1004 3308 vetustas

82 3355 136 3405 970
154 3340 297 3416 temporis
320 3339 433 3398 aeterni
455 3338 557 3416 luerit,
580 3354 667 3415 quam
690 3338 839 3396 nascimur
861 3342 937 3396 ante.

153 3426 209 3487 hoc
231 3428 322 3504 igitur
345 3425 497 3504 speculum
520 3424 605 3484 nohis
629 3431 732 3485 natura
755 3425 848 3485 futuri

153 3515 295 3591 temporis
319 3516 438 3593 exponit
460 3521 528 3595 post
550 3521 680 3575 mortem
701 3513 832 3595 deniqne
851 3521 1000 3573 nostram.
1055 3533 1100 3570 99
