2430 3878
420 174 702 231 PROLEGOMENA.
956 169 1067 225 LXXIX

49 325 98 386 est
112 320 222 403 inqua
292 319 406 384 ardor?
438 321 553 386 scilieet
568 325 598 385 et
608 321 724 402 fluuius
741 319 796 400 qui
812 319 897 383 uisus
915 315 1066 381 moaimu’

50 412 246 493 quoquest,
265 409 394 490 <lapsus
412 412 457 472 esi
473 457 608 488 ........
624 410 672 487 ei>
691 409 746 489 qui
762 427 826 472 nou
844 410 915 470 oum
933 405 1067 486 aliquem

51 497 204 562 maiorem
225 496 315 576 uidit,
339 502 368 561 et
387 497 496 578 iaqeus
515 507 583 560 eto:
606 498 660 579 qui
681 497 767 561 uisus
789 495 946 560 maximus
966 495 995 558 ea'
1012 493 1067 574 qui

51 606 119 652 noto
200 586 258 659 OQ.
278 587 386 648 Vahlen
406 588 423 649 l.
443 608 467 649 o.
490 608 518 667 p.
539 585 589 650 15.
625 587 740 648 Nollem
768 586 838 647 olim
861 585 988 646 Vahleno
1016 584 1065 644 ad·

55 695 164 738 sensus
192 694 296 737 essem.
337 695 405 736 nam
437 695 534 755 neque
561 676 660 758 video,
693 675 840 755 quomodo
872 682 922 735 aut
954 692 990 733 ox
1022 675 1065 732 eis

57 783 131 845 quae
159 764 342 844 praecedunt
369 772 419 825 aut
446 784 482 825 ex
510 767 554 826 eis
583 783 657 844 quae
685 771 849 843 sequuntur
877 760 1066 839 subintellegi

55 855 152 933 possit
179 853 257 932 quod
286 871 360 933 opus
388 860 433 914 est
460 850 578 932 ‘ingens
606 847 671 933 est',
701 860 731 913 et
762 855 841 912 inest
870 853 902 911 in
931 849 1066 910 codicum

56 940 157 1002 verbis
179 943 280 1020 inepta
302 940 474 1023 tautologia,
501 960 562 1002 noo
589 941 674 1002 aliter
699 959 733 1001 ao
756 943 782 1000 si
804 947 906 1000 nostro
930 955 1065 998 sermone

57 1030 139 1091 dicas
173 1025 238 1089 ‘der
268 1035 383 1108 grosste
410 1029 496 1110 ilusS,
529 1029 588 1090 den
616 1028 736 1109 jemand
764 1028 892 1106 gesehen
918 1027 981 1106 hat,
1013 1025 1066 1084 dor

50 1118 167 1179 :keiueo
199 1124 356 1196 grosseren
389 1118 518 1196 gesohon
549 1112 619 1178 hat'.
659 1116 835 1196 prudentius
866 1114 929 1175 Lm.
964 1111 1066 1193 quivis

57 1207 103 1268 est
122 1203 293 1287 maslaum
320 1204 446 1284 probant
468 1205 500 1266 B.
524 1213 554 1266 et
575 1205 637 1285 Mn,
661 1205 795 1265 sednon
819 1206 971 1282 quaeritur
995 1200 1065 1280 quid

51 1297 219 1355 ¹manimum
243 1296 294 1374 sit,
318 1294 370 1354 sed
394 1295 465 1373 quid
488 1297 592 1372 ingens
617 1296 667 1373 sit,
691 1294 727 1353 ol.
750 1312 776 1353 v.
792 1291 865 1353 670.
885 1325 928 1335 —
948 1288 1012 1352 690
1023 1308 1065 1367 sq.

50 1379 116 1444 ‘leae
136 1379 184 1445 iae
202 1379 393 1461 fatendumst
408 1401 426 1440 a
444 1381 497 1442 ΜΓ.
524 1384 554 1444 et
566 1384 730 1461 penetrasse
752 1378 852 1442 moris
868 1377 995 1462 penitus
1016 1394 1065 1440 res

56 1466 137 1550 eoqil
161 1473 281 1548 operui
318 1471 354 1532 de
377 1471 481 1532 laouua
503 1469 569 1529 vide
592 1487 617 1530 v.
635 1488 663 1550 p.
681 1467 792 1529 XXVll.
830 1467 900 1546 quid
923 1467 1067 1528 exciderit

58 1574 246 1635 nequaquam
270 1563 396 1636 constat3
424 1556 460 1616 oi
484 1563 583 1617 tamen
607 1574 680 1634 quae
703 1555 796 1617 Bentl.
820 1556 857 1616 do
879 1574 912 1616 re
937 1556 1067 1633 disputat

58 1648 92 1704 in
114 1643 201 1705 Luor.
225 1644 270 1705 ed.
288 1643 302 1704 l
320 1643 495 1722 Glasgueusi
517 1644 553 1705 ad
573 1644 592 1704 l.
610 1645 647 1704 lV
660 1643 725 1707 466
736 1664 779 1724 sq.
816 1647 951 1724 suspicor
974 1646 1067 1722 sonip-

57 1740 123 1793 tum
146 1750 212 1793 esse
235 1751 252 1792 a
277 1740 363 1810 poeta
388 1748 438 1794 res
465 1730 543 1810 ooqii
563 1734 683 1814 aperto,
711 1733 789 1812 quod
817 1740 863 1793 ost
890 1727 1066 1814 ἐνάργημα,

59 1821 96 1881 cl.
119 1820 156 1882 ad
178 1819 218 1880 lll
240 1817 314 1882 353.
350 1839 414 1881 rem
437 1828 567 1899 apertam
595 1829 666 1900 puto
694 1821 801 1881 dietam
827 1839 893 1881 esse
917 1819 1066 1880 declarare

45 1907 180 1988 aliquid.
202 1941 248 1952 —
271 1905 335 1970 705
346 1927 389 1988 sq.
418 1904 514 1971 Nilus
601 1907 755 1971 reclaudat
779 1907 889 1970 auleas
910 1906 946 1970 iae
969 1905 1066 1983 terris

58 1992 193 2077 Aeqypli
206 1993 297 2058 totius
310 1993 421 2059 omnis.
453 1999 502 2057 vix
515 1998 678 2058 credideris
690 1997 910 2058 Lachmannum
923 1995 1067 2075 virgulam

59 2092 128 2165 post
142 2082 232 2147 maris
246 2084 389 2146 sublatam
403 2093 470 2164 post
487 2084 642 2148 redundat
652 2104 776 2164 ponere:
795 2104 884 2164 quem
903 2091 1068 2162 sequuntur

62 2176 94 2233 in
118 2180 219 2252 aperto
243 2191 344 2233 errore
367 2172 398 2234 Β.
418 2181 447 2234 et
469 2173 522 2234 ΜΓ.
546 2207 588 2218 -
613 2170 674 2235 731
699 2191 777 2252 quoe
797 2175 880 2234 suot
900 2168 967 2234 loeo
988 2189 1069 2233 euua-

59 2278 117 2340 que
144 2257 286 2341 laeuoque
312 2261 407 2322 Bkm.:
438 2259 504 2324 siut
529 2260 587 2333 OQ.
611 2261 676 2322 edd.
698 2295 743 2305 -
766 2260 829 2324 733
857 2277 915 2339 quo
935 2253 1069 2321 {Auerno

59 2350 208 2413 vocantu
232 2346 356 2412 nomiae
377 2348 439 2410 Lm.
462 2349 494 2411 Β.
526 2348 607 2429 quod
688 2347 811 2410 nomine
833 2347 891 2420 OQ.
913 2348 967 2409 Mu.
991 2347 1068 2426 quod

60 2455 167 2498 vereor
188 2444 222 2498 ut
244 2437 367 2499 latinum
390 2440 436 2500 sil.
464 2471 506 2482 --
531 2437 595 2500 742
617 2439 719 2500 estet
740 2434 908 2500 Aileeuoee's
930 2435 988 2508 OQ.
1002 2436 1069 2497 Mn:

59 2526 98 2588 ut
113 2524 177 2586 Lm.
190 2525 222 2586 B.
246 2544 271 2587 v.
289 2545 318 2605 p.
332 2525 428 2587 XXIV.
448 2560 491 2570 -
511 2524 573 2588 748
592 2527 709 2589 uetusto
722 2522 779 2588 loci
796 2542 872 2605 opus
889 2523 984 2606 efficit
999 2522 1070 2603 qaeu

59 2615 170 2692 suapte
192 2612 265 2684 OQ:
292 2614 497 2676 Lachmannus
520 2632 615 2694 neque
639 2618 671 2676 in
689 2616 771 2676 hiatu
793 2633 889 2693 neque
913 2618 944 2674 in
962 2615 1069 2692 suapte

60 2704 151 2763 nimis
176 2704 304 2781 graviter
321 2704 455 2764 offendit:
478 2722 580 2764 vocem
597 2719 673 2782 opus
692 2704 764 2764 ferri
781 2721 869 2782 posse
888 2709 983 2782 nogat,
1002 2703 1069 2761 inni-

61 2793 159 2872 siono,
176 2809 250 2870 quae
268 2793 347 2852 inest
365 2794 396 2851 in
413 2792 502 2853 huius
515 2794 597 2852 voois
611 2794 765 2872 gravitate,
780 2809 840 2851 non
854 2797 1015 2869 perspecta.
1026 2821 1068 2831 —

61 2875 128 2940 750
138 2896 202 2957 sqq.
220 2877 421 2958 quoduapedes
430 2926 437 2940 .
447 2925 472 2942 ..
492 2877 636 2941 muetos
648 2881 685 2941 ut
695 2877 726 2942 si
738 2879 821 2941 silet
835 2876 916 2940 dieis
928 2879 1069 2940 mactatu

61 2965 122 3037 OQ.
136 2966 201 3028 edd.
217 2968 253 3028 oi.
267 2987 295 3047 p.
309 2967 384 3029 XIX.
398 3001 440 3011 -
461 2965 524 3030 754
542 2965 687 3048 qualeae
702 2966 785 3048 fluat
800 2964 902 3029 eousis
921 2964 979 3037 OQ.
990 2965 1069 3026 edd.:

60 3051 174 3136 effiunt
188 3055 261 3136 Lm,
284 3059 348 3117 sine
372 3075 467 3117 eausa.
490 3089 532 3099 -
555 3073 594 3118 ue
609 3057 719 3134 forie
740 3053 790 3118 leis
806 3051 981 3135 ropionibus
1003 3053 1069 3114 Mn:

59 3160 100 3205 ne
116 3143 189 3222 pole
210 3141 240 3206 is
262 3142 320 3215 00.
352 3140 461 3207 Putee's
482 3144 544 3204 Lm.
563 3143 595 3206 Β.
619 3178 661 3188 -
691 3142 808 3224 781sq.
836 3151 904 3204 ante
933 3141 994 3204 777
1007 3162 1069 3221 sqq.

62 3231 187 3292 collocat
208 3231 379 3312 Kannneng.
403 3233 472 3293 diss
495 3252 523 3312 p.
543 3231 593 3293 40.
618 3267 660 3276 —
685 3231 748 3294 ΠΒ
759 3251 802 3311 sq.
825 3249 883 3310 per
908 3228 995 3310 qosos
1021 3229 1071 3291 lu·

60 3317 193 3382 amoeni
207 3318 297 3383 nouis
313 3318 428 3400 infesta
445 3321 534 3400 atque
551 3337 663 3401 aspero
682 3337 778 3384 sese:
799 3322 881 3382 iaetu
899 3318 967 3401 OQ,
991 3319 1069 3397 quod

61 3427 98 3468 ex
121 3427 211 3469 versu
228 3410 363 3488 proximo
381 3410 440 3470 huo
457 3412 586 3488 irrepsit.
599 3443 642 3453 -
662 3407 725 3471 792
736 3427 779 3488 sq.
802 3407 831 3470 so'
849 3405 959 3471 solidis
977 3405 1071 3469 eiiam

60 3498 206 3560 mucore
222 3493 358 3559 lavabris
368 3493 494 3577 plenior
512 3503 549 3562 et
562 3497 699 3578 fumus
722 3500 836 3580 sonipsi
852 3516 911 3578 pus
934 3493 1087 3574 effluatis,

55 3584 209 3645 lenissima
228 3588 401 3672 mutatione,
424 3607 487 3653 non
510 3591 659 3676 ignorans
683 3597 794 3655 tamen
807 3586 957 3652 moniam
975 3584 1007 3643 et
1025 3576 1114 3654 epm
