2430 3878
428 198 709 254 PROLEGOMENA.
1008 197 1074 253 xm

155 344 228 406 Cum
251 363 321 404 vero
344 345 433 406 huius
451 348 497 405 rei
520 364 634 406 summa
656 348 687 405 in
710 363 745 405 eo
768 347 863 424 posita
886 347 938 426 sit,
966 352 1074 423 quanta

64 436 225 494 auctoritas
258 432 343 492 libris
375 451 464 494 manu
496 436 615 512 scriptis
646 433 807 514 tribuatur,
843 452 922 494 nunc
954 435 1072 511 optimis

63 540 168 582 eorum
200 521 292 581 multo
323 524 464 582 maiorem
491 522 580 581 fidem
607 522 794 582 tribuendam
822 524 958 581 existimo
986 539 1072 600 quam

64 617 158 670 antea.
200 612 368 689 proximum
391 617 438 670 est
459 617 493 669 ut
515 618 672 687 quaeratur
692 613 812 688 quinam
831 613 890 670 sint
908 609 950 669 iili
970 611 1072 688 optimi

64 697 142 758 libri.
206 698 242 758 de
284 717 341 776 qua
381 716 414 758 re
455 697 535 757 idem
575 716 694 778 censeo,
736 698 813 777 quod
855 697 925 757 olim
961 699 1071 757 censui.

64 788 185 864 scripsit
211 785 333 846 Carolus
361 786 565 846 Lachmannus
593 789 625 845 in
652 788 856 847 commentarii
883 786 1072 864 praefationis

64 893 90 953 p.
116 872 136 935 9
160 874 246 934 haec:
275 869 383 933 ‘omnis
406 882 538 934 vetustae
562 874 697 934 lectionis
720 876 861 934 memoria
884 893 900 934 e
922 873 1072 934 Vossianis

65 962 219 1022 codicibus
242 963 402 1040 repetenda
422 969 475 1042 est,
498 965 556 1022 nisi
576 962 654 1041 quod
673 961 798 1040 oblongo
817 962 966 1022 interdum
983 961 1073 1021 fidem

64 1050 159 1110 Italici
177 1049 328 1161 ahrqgaut,
347 1050 480 1128 quadrati
497 1053 701 1110 auctoritatem
720 1050 875 1129 aliquando
894 1052 1073 1109 imminuunt

65 1133 211 1199 schedae'.
263 1138 341 1216 quod
374 1156 461 1216 quam
492 1145 573 1198 recte
601 1139 763 1198 iudicatum
791 1145 883 1218 esset,
916 1156 950 1198 eo
978 1140 1072 1215 magis

65 1229 213 1307 perspexi,
237 1244 295 1305 quo
318 1227 433 1304 longius
457 1226 493 1286 ad
516 1244 635 1286 carmen
657 1226 881 1305 perpoliendum
899 1225 1072 1286 incumbens

65 1315 251 1376 diversorum
278 1315 412 1375 codicum
438 1314 579 1395 indolem,
607 1321 748 1393 quantum
776 1317 840 1374 eius
870 1315 936 1374 fieri
958 1321 1074 1392 poterat

65 1403 101 1463 ab
130 1420 179 1483 eo,
207 1405 258 1481 qui
285 1421 345 1462 non
371 1405 435 1481 ipse
459 1405 605 1481 inspicere
629 1409 741 1482 posset,
769 1404 932 1463 examinavi
954 1410 984 1462 et
1006 1420 1073 1479 per-

65 1491 164 1569 pendi.
205 1509 301 1570 neque
321 1491 400 1551 idem
418 1509 497 1551 nuuc
516 1509 575 1550 uon
593 1490 679 1569 vulgo
699 1493 874 1551 existimant.
913 1493 1074 1550 extiterunt

66 1579 187 1657 quidem
214 1586 281 1638 aute
308 1579 363 1638 hos
390 1578 583 1657 quadraginta
605 1579 667 1639 fere
695 1596 787 1639 annos
816 1581 867 1658 qui
893 1577 1074 1638 Lachmanni

66 1667 210 1728 iudicium
224 1668 374 1726 infirmare
389 1674 574 1727 conarentur.
607 1685 674 1727 curn
688 1669 768 1727 enim
778 1667 870 1727 codex
880 1667 1073 1746 Victorianus,

66 1758 119 1834 qui
130 1754 300 1815 Monachiae
314 1763 490 1835 asservatur,
504 1758 654 1816 mentione
668 1758 733 1815 eius
747 1757 876 1834 primum
890 1754 1072 1833 aSpengelio

66 1844 143 1904 iacta
171 1845 265 1921 magis
291 1845 481 1923 innotuisset,
510 1845 621 1903 inventi
645 1852 714 1904 sunt
737 1846 788 1922 qui
811 1845 839 1903 ei
861 1842 936 1902 libro
959 1849 1073 1902 tantum

66 1931 245 2012 tribuerent,
277 1938 311 1992 ut
342 1949 409 1992 eum
440 1931 633 1991 Leidensibus
666 1934 693 1991 si
724 1949 783 1991 non
816 1932 1012 2011 praeferrent,
1045 1938 1074 1991 at

67 2025 235 2097 aequarent.
287 2038 413 2098 quorum
439 2020 652 2098 disputationes
678 2022 738 2079 iam
765 2018 882 2080 silentio
911 2022 1073 2098 praeterire

67 2107 150 2167 licet:
169 2107 269 2167 docuit
287 2109 365 2167 enirn
385 2107 497 2187 Munro,
515 2109 561 2167 vir
578 2109 635 2168 fide
654 2108 855 2188 dignissimus,
874 2108 1073 2168 Victorianum

66 2213 165 2273 neque
188 2195 341 2255 meliorem
364 2213 429 2256 esse
452 2214 548 2274 neque
572 2196 749 2256 deteriorem
773 2215 860 2274 quam
880 2198 982 2273 viginti
1001 2195 1072 2256 alios

66 2282 186 2343 Lucreti
200 2284 317 2343 codices
330 2282 459 2364 Italicos3
474 2284 510 2344 cf.
524 2285 614 2362 praei.
630 2284 674 2344 ed.
691 2286 792 2343 maior.
806 2302 834 2361 p.
850 2279 900 2344 25.
934 2302 949 2343 e
965 2286 1073 2343 ceteris

66 2371 153 2430 libris
180 2370 307 2431 Florent
336 2368 379 2432 30
412 2372 442 2432 id
470 2371 581 2431 bonum
607 2371 707 2452 habet,
741 2372 817 2450 quod
846 2370 958 2431 Niccoli
984 2389 1073 2430 manu

66 2460 197 2537 scriptus
211 2458 350 2538 Poggiani
370 2459 479 2519 codicis
498 2459 648 2538 exemplar
666 2477 779 2520 summa
798 2477 865 2520 eum
884 2459 941 2518 fide
960 2459 1072 2519 referre

65 2547 196 2627 videtur,
233 2550 284 2625 qui
319 2555 417 2608 tamen
448 2547 561 2608 Niecoli
592 2548 684 2608 codex
716 2551 903 2626 incorruptae
936 2549 1073 2625 antiquae

66 2637 231 2713 scripturae
258 2637 344 2695 testis
372 2655 438 2696 esse
465 2654 649 2715 nequaquam
676 2636 824 2715 putandus
850 2643 908 2715 est,
936 2635 1074 2695 Munroui

66 2726 94 2782 si
121 2723 278 2783 credimus.
325 2741 361 2783 11
387 2725 443 2784 hoc
470 2726 560 2803 igitur
587 2725 632 2785 vei
659 2744 694 2785 11
717 2725 844 2784 Florent.
872 2721 913 2784 31
942 2725 1073 2801 itemque

66 2829 105 2870 ex
131 2809 196 2870 aliis
224 2810 308 2871 libris
336 2812 449 2872 decimo
477 2815 578 2890 quinto
606 2813 721 2873 saeculo
748 2815 780 2873 in
806 2811 888 2872 ltalia
916 2812 1073 2889 descriptis

66 2901 94 2959 si
122 2899 193 2977 quid
220 2899 382 2981 lucramur,
410 2917 469 2959 non
496 2908 542 2960 est
564 2903 700 2980 antiquae
722 2902 881 2961 memoriae
905 2899 992 2980 rides,
1021 2899 1073 2959 sed

65 2989 268 3047 correctiones
288 3007 324 3047 11
341 2990 472 3048 virorum
491 2988 644 3049 doctorum
662 2991 789 3067 ingeniis
806 2988 964 3066 proiectae.
1000 2988 1073 3048 haec

65 3075 188 3135 disertis
220 3075 319 3136 verbis
350 3075 429 3136 volui
456 3094 602 3154 exponere
631 3083 717 3155 atque
746 3077 906 3156 affirmare,
938 3094 977 3135 11
1006 3078 1073 3154 quis

66 3170 237 3243 quaereret,
262 3181 316 3224 cur
344 3171 375 3224 ut
398 3166 534 3243 antiquae
556 3165 725 3225 traditionis
747 3171 839 3225 testes
862 3162 958 3224 nullos
981 3163 1073 3223 libros

65 3251 205 3311 afferrem
227 3253 286 3311 nisi
308 3250 473 3330 Oblongum
495 3260 526 3312 et
548 3252 736 3323 Quadratum.
778 3255 838 3312 scio
863 3252 981 3331 quidem
1006 3259 1073 3312 ante

64 3338 122 3398 hos
151 3346 289 3417 quattuor
315 3358 407 3400 anuos
436 3343 532 3400 virum
560 3342 706 3419 quendam
734 3341 938 3401 doctissimum
962 3339 1074 3419 aliquot

64 3425 161 3487 libros
183 3427 301 3488 Italicos
324 3436 402 3488 totos
421 3428 590 3510 contulisse,
614 3449 650 3489 11
669 3432 777 3490 ceteris
796 3448 830 3489 ea
848 3436 974 3508 notasse,
998 3447 1072 3507 quae

63 3516 101 3576 ad
130 3515 275 3577 iudicium
302 3517 338 3577 de
366 3521 409 3579 eis
437 3517 594 3582 1111111111
621 3519 807 3583 sufficerent.
854 3517 914 3579 sed
938 3535 1014 3577 cnm
1029 3515 1091 3572 ”nie
