2430 3878
145 228 192 292 58
636 226 663 280 ΙΙ

148 390 205 442 935
219 392 279 435 uon
302 374 368 434 fieri
390 379 508 452 partum
531 375 591 434 nisi
614 373 738 434 concilio
762 380 829 433 ante
853 379 966 454 coacto,

221 482 276 523 nec
300 465 457 541 quiequam
480 464 655 522 commutari
678 464 742 523 sine
766 460 930 522 conciliatu.

221 544 231 634 ll
243 552 390 629 principio
414 557 566 629 nequeunt
588 549 677 610 ullius
701 551 833 628 corporis
857 567 923 609 esse

149 656 328 704 censensus
352 645 419 698 ante
442 640 536 716 ipsam
560 641 688 716 genitam
711 645 844 698 naturam
868 639 1040 719 animantis,

222 729 376 806 nimirum,
400 729 468 804 quia
491 729 629 786 materies
653 727 775 786 disiecta
796 732 915 786 tenetur

150 831 206 882 940
220 820 287 875 aire
311 814 483 874 fluminibus
505 817 594 874 terris
617 822 755 893 terraque
778 816 898 894 creatis,

222 921 278 963 nec
302 920 458 981 congressa
480 902 568 962 modo
591 903 672 963 vitali
695 900 902 963 convenientes

224 990 348 1051 contulit
369 993 448 1051 inter
471 1009 503 1052 se
526 998 637 1072 motus,
661 991 769 1069 quihus
794 993 993 1051 omnituentes

151 1096 205 1144 940
224 1080 342 1140 accensi
365 1097 471 1140 sensus
494 1082 674 1139 animantem
697 1097 842 1158 quamque
865 1072 1024 1157 tuenturll

268 1167 423 1227 Praeterea
447 1170 579 1246 quamvis
602 1170 781 1228 animantem
804 1167 943 1245 grandior
965 1169 1043 1226 ictus

152 1270 208 1322 945
225 1273 313 1334 quam
335 1257 446 1334 patitur
468 1263 586 1336 natura,
609 1263 730 1334 repente
755 1255 867 1333 adfligit
890 1263 920 1315 et
942 1255 1040 1314 omnis

226 1345 360 1422 corporis
383 1351 470 1422 atque
494 1346 585 1403 animi
607 1347 704 1422 pergit
727 1343 907 1404 confundere
930 1361 1046 1403 sensus.

226 1430 431 1492 dissoluuntur
454 1434 533 1491 enim
556 1434 704 1510 positurae
727 1434 955 1511 principiorum,

153 1535 206 1583 945
227 1526 256 1578 51
278 1521 396 1597 penitus
420 1527 517 1579 motus
540 1519 642 1580 vitales
665 1520 868 1602 inpediuntur,

228 1606 321 1667 donec
343 1609 496 1689 materies,
519 1611 615 1668 omnis
638 1627 781 1668 concussa
804 1626 858 1688 per
881 1615 975 1689 artus,

153 1710 210 1761 950
228 1694 325 1755 vitalis
349 1697 462 1755 animae
485 1696 578 1756 nodos
601 1715 617 1756 a
640 1715 763 1776 corpore
787 1696 873 1756 solvit

228 1782 449 1862 dispersamque
472 1784 551 1844 foras
573 1803 627 1863 per
650 1785 748 1845 caulas
771 1787 860 1845 eiecit
883 1787 993 1845 omnis:

226 1890 294 1932 nam
318 1871 388 1950 quid
410 1879 564 1950 praeterea
586 1873 683 1933 facere
706 1876 797 1933 ictum
820 1891 907 1951 posse
930 1890 1050 1932 reamur

156 1973 208 2024 950
229 1959 370 2040 oblatum,
393 1961 452 2019 nisi
475 1960 624 2021 discutere
648 1979 681 2021 ac
704 1961 865 2021 dissolvere
889 1957 1046 2040 quaeque?

228 2049 261 2108 111
284 2065 400 2127 quoque
424 2050 469 2108 uti
492 2048 605 2109 soleant
627 2052 726 2109 minus
750 2048 845 2109 oblato
869 2051 976 2109 acriter
999 2051 1062 2110 ictu

154 2135 333 2202 9555511501
354 2143 452 2196 motus
476 2137 571 2197 vitalis
593 2139 711 2198 vincere
736 2155 835 2218 saepe,
1127 2149 1168 2192 555

229 2227 347 2286 vincere
371 2231 401 2286 et
423 2227 552 2303 ingentis
574 2225 676 2305 plagae
700 2225 802 2286 sedare
826 2224 969 2286 tumultus

229 2316 319 2392 inque
344 2332 413 2374 snos
437 2313 577 2393 quicquid
600 2332 705 2374 rursus
728 2331 866 2374 revocare
888 2320 1003 2373 meatus

158 2416 210 2465 955
230 2410 260 2462 51
283 2404 367 2480 quasi
389 2404 448 2462 iam
470 2402 523 2462 leti
545 2401 742 2462 dominantem
765 2405 797 2461 in
820 2419 944 2480 corpore
966 2408 1080 2462 motum

230 2490 378 2549 discutere
401 2508 435 2549 ac
458 2508 551 2567 paene
574 2493 699 2551 amissos
722 2490 883 2550 accendere
907 2508 1026 2550 sensus:

157 2592 214 2642 960
231 2595 298 2637 nam
322 2595 379 2655 qua
401 2595 434 2636 re
457 2580 555 2655 potius
578 2577 631 2638 leti
653 2581 711 2638 iam
733 2578 834 2639 limine
858 2577 893 2638 ab
916 2580 981 2656 ipso
1129 2594 1169 2634 eoo

231 2665 266 2725 ad
289 2666 379 2724 vitam
400 2667 516 2743 possint
537 2666 669 2727 conlecta
690 2673 789 2727 mente
812 2669 934 2747 reverti,

186 2816 193 2825 ,
232 2771 319 2832 quam
343 2771 400 2832 quo
424 2753 582 2814 decursum
603 2773 695 2834 prope
718 2757 776 2815 iam
800 2757 856 2814 5151
879 2757 922 2815 155
947 2761 977 2814 51
1000 2751 1105 2816 abire?

161 2857 213 2906 900
231 2848 398 2922 praeterea,
422 2843 562 2919 quoniam
585 2842 669 2903 dolor
692 2850 749 2923 551,
773 2843 824 2904 ubi
847 2845 983 2903 materiai

232 2932 406 3010 corporari
429 2930 554 3009 quadam
576 2950 630 3010 per
652 2934 765 2992 viscera
786 2934 850 2992 viva
873 2950 928 3010 per
951 2938 1032 2992 artus

157 3032 216 3083 965
231 3018 385 3079 sollicitata
408 3021 471 3079 suls
493 3020 643 3098 trepidant
664 3021 695 3079 in
719 3019 838 3080 sedibus
862 3023 956 3099 155155,
1130 3035 1168 3076 ses

232 3109 322 3186 inque
345 3107 442 3167 locum
466 3108 582 3186 quando
606 3110 778 3188 remigrant,
801 3109 834 3168 fit
856 3106 962 3167 blanda
986 3107 1136 3190 voluptas,

233 3197 310 3256 seire
333 3195 403 3256 licet
424 3195 505 3256 nullo
527 3196 689 3275 primordia
711 3215 799 3274 posse
823 3196 923 3256 dolore

161 3299 213 3349 955
232 3285 371 3362 temptari
394 3283 562 3363 nullamque
584 3283 762 3363 voluptatem
786 3303 891 3364 capere
915 3303 951 3344 ex
975 3303 1021 3366 55,

233 3370 471 3450 quandoquidem
493 3391 552 3432 non
576 3379 645 3432 sunt
668 3391 704 3433 ex
726 3372 795 3433 ullis
818 3374 1033 3452 principiorum

156 3477 219 3526 970
233 3459 420 3542 corporibus,
444 3479 570 3541 quorum
592 3467 690 3521 motus
713 3464 841 3522 novitate
864 3461 999 3522 laborent
1130 3475 1189 3516 ⁹⁷⁰·

216 3548 428 3631 autaliquem
452 3551 588 3614 fructum
611 3553 733 3634 capiant
755 3549 923 3611 dulcedinis
943 3549 1047 3609 almae.
