2430 3878
564 203 604 258 111

575 371 592 407 *

78 451 150 502 1010
169 436 310 497 Tartarus
333 435 495 497 horriferos
518 446 655 499 eructans
678 438 812 499 faucibus
835 447 934 500 aestus
957 471 1000 482 -

169 527 340 604 quinoque
364 531 434 584 sunt
456 543 580 604 usquam
603 544 659 587 nec
681 535 806 607 possunt
830 545 894 587 esse
917 527 1064 606 prolecto:

170 612 222 672 sed
244 620 342 672 metus
365 614 397 671 in
419 614 485 672 vita
499 632 661 693 poenarum
684 634 739 695 pro
762 615 838 676 male
862 615 947 675 sactis

169 707 216 761 est
237 699 403 780 insignibus
427 703 566 782 insignis,
590 702 769 782 scelerisque
794 703 880 764 luella
1037 724 1089 764 1o1s

170 807 272 850 carcer
295 796 325 849 et
346 788 498 850 horribilis
522 789 557 850 de
581 809 651 851 saxo
675 791 761 851 iactu'
785 791 923 852 deorsum

78 891 151 943 1015
169 877 293 937 verbera
316 878 468 937 carnifices
491 877 583 939 robur
604 881 654 959 pix
677 877 815 940 lammina
837 879 940 940 taedae
963 912 1005 921 —

171 984 245 1044 quae
268 973 367 1025 tamen
391 967 448 1026 etsi
471 965 586 1047 absunt,
609 974 638 1027 at
659 985 744 1027 mens
769 966 834 1048 sibi,
858 969 975 1027 conscia
993 967 1088 1047 factis,

169 1060 376 1133 praemetuens
400 1053 520 1114 adhibet
542 1054 677 1114 stimulos
700 1062 850 1134 terretque
874 1054 1009 1135 flagellis,

170 1159 225 1202 nec
248 1141 328 1201 videt
350 1143 464 1202 interea
487 1144 538 1220 qui
560 1145 706 1203 terminus
729 1161 795 1202 esse
817 1143 961 1204 malorum
1036 1165 1088 1204 roso

169 1231 265 1309 possit
286 1247 342 1290 nec
365 1248 440 1308 qnae
464 1233 503 1290 sit
524 1249 686 1309 poenarum
709 1230 835 1310 denique
859 1232 940 1311 finis,

79 1332 152 1383 1020
171 1325 258 1396 atque
275 1317 377 1378 eadem
391 1321 497 1378 metuit
510 1321 603 1397 magis
617 1319 688 1379 haec
703 1337 740 1379 ne
754 1321 786 1379 in
799 1326 894 1379 morte
908 1325 1087 1398 gravescunt.

170 1406 240 1466 binc
262 1405 422 1466 Acherusia
444 1407 478 1466 111
501 1407 657 1468 stultorum
680 1407 808 1485 denique
830 1409 897 1467 vita.
941 1440 943 1445 ν

213 1493 276 1554 Hoc
300 1495 388 1554 ctiam
410 1493 466 1554 tibi
487 1501 550 1555 tute
573 1495 723 1556 interdum
747 1495 846 1556 dicere
868 1497 974 1574 possis.

129 1584 131 1589 '
171 1577 293 1642 ‘lumina
317 1584 358 1642 sis
382 1581 476 1642 oculis
499 1585 588 1643 etiam
609 1583 705 1643 bonus
727 1583 817 1644 Ancu'
840 1583 973 1663 reliquit,
1037 1604 1088 1646 1oos

172 1672 223 1748 qui
244 1669 350 1730 melior
372 1670 473 1731 multis
497 1689 584 1749 quam
606 1679 639 1731 tu
662 1672 731 1752 luit,
753 1670 901 1753 improbe,
923 1671 1021 1732 rebus.

80 1773 153 1823 1011
171 1758 240 1818 inde
264 1757 314 1818 alii
335 1757 422 1819 multi
443 1776 529 1836 reges
552 1777 711 1838 rerumque
733 1767 870 1838 potentes

172 1845 356 1926 occiderunt,
378 1848 492 1925 magnis
516 1849 567 1924 qui
590 1847 726 1924 gentibus
750 1849 964 1927 imperitarunt.

171 1934 220 1995 ille
240 1952 356 2013 quoque
375 1936 448 2014 ipse,
466 1937 543 1994 viam
562 1937 613 2012 qui
627 1935 774 2014 quondam
786 1953 841 2014 per
854 1953 935 1995 mare
950 1954 1088 2014 magnum

172 2025 275 2083 stravit
296 2024 412 2100 iterque
435 2022 517 2082 dedit
538 2020 705 2100 legionibus
727 2025 771 2083 ire
793 2041 848 2102 per
870 2022 962 2083 altum
1036 2049 1088 2088 1oao

171 2129 205 2172 ac
226 2109 352 2190 pedibus
376 2109 466 2170 salsas
490 2110 590 2170 docuit
613 2129 702 2190 super
725 2113 769 2170 ire
793 2110 911 2170 lacunas

81 2215 153 2266 1030
172 2206 202 2259 01
224 2200 402 2278 contempsit
424 2201 509 2277 equis
531 2198 676 2258 insultans
699 2216 849 2258 murmura
871 2201 968 2278 ponti,

170 2287 281 2348 lumine
304 2286 439 2365 adempto
462 2289 589 2358 animam
610 2285 786 2346 moribundo
810 2304 934 2365 corpore
957 2287 1040 2348 ludit.

82 2406 85 2411 ·
172 2374 335 2455 Scipiadas,
357 2374 428 2435 belli
451 2374 575 2456 fulmen,
599 2374 783 2452 Carthaginis
805 2373 925 2454 horror,

172 2482 238 2523 ossa
261 2463 343 2523 dedit
364 2470 461 2523 terrae
483 2463 607 2543 proinde
626 2481 660 2523 ac
678 2461 769 2523 famul
786 2463 905 2522 infimus
924 2470 1011 2523 esset.
1036 2486 1088 2527 mas

171 2551 245 2612 adde
267 2557 436 2630 repertores
459 2551 659 2612 doctrinarum
682 2558 769 2629 atque
793 2550 940 2631 leporum,

80 2655 152 2706 1035
172 2639 245 2699 adde
267 2639 490 2700 Heliconiadum
512 2642 648 2720 comites3
672 2657 798 2718 quorum
820 2658 897 2700 unus
920 2638 1065 2700 Homerus

171 2734 287 2806 sceptra
310 2729 421 2806 potitus
445 2727 547 2788 eadem
574 2727 639 2787 aliis
662 2727 768 2806 sopitu’
792 2730 928 2806 quietest.

170 2815 296 2894 denique
320 2815 519 2876 Democritum
540 2823 697 2895 postquam
719 2822 833 2876 matura
855 2822 985 2876 vetustas

170 2903 322 2964 admonuit
343 2921 490 2963 memores
512 2911 610 2964 motus
633 2903 822 2982 languescere
844 2905 966 2983 mentiS,
1036 2927 1088 2966 roco

170 2999 274 3071 sponte
298 3009 351 3052 sua
373 2989 432 3051 leto
456 2999 543 3071 caput
566 2991 669 3052 obvius
693 2990 799 3070 optulit
820 2992 893 3069 ipse.

79 3097 150 3146 1010
169 3082 233 3159 ipse
256 3079 403 3158 Epicurus
427 3079 489 3140 obit
511 3081 636 3140 decurso
660 3079 771 3140 lumine
794 3081 884 3158 vitae,

169 3170 221 3246 qui
244 3186 337 3246 genus
359 3168 519 3228 humanum
541 3170 659 3246 ingenio
684 3169 833 3247 superavit
856 3172 886 3226 et
908 3168 1004 3227 omnis

168 3258 319 3337 restinxit,
343 3256 442 3316 stellas
466 3263 585 3317 exortus
607 3263 641 3316 ut
663 3255 812 3315 aetherius
836 3253 887 3314 sol.

167 3351 200 3405 tu
222 3363 293 3404 vero
317 3343 465 3404 dubitabis
488 3351 518 3404 et
540 3343 731 3421 indignabere
755 3339 859 3403 obire?
1034 3365 1086 3406 1045

167 3439 282 3493 mortua
306 3434 354 3492 cui
376 3435 464 3492 vitast
486 3449 577 3511 prope
601 3434 659 3491 iam
681 3433 747 3490 vivo
770 3438 857 3510 atque
880 3431 1004 3512 videnti,

77 3537 148 3588 1045
168 3523 220 3599 qui
242 3538 346 3580 somno
366 3527 483 3599 partem
505 3521 650 3582 maiorem
671 3522 803 3582 conteris
824 3521 909 3600 aeni,
