2430 3878
559 197 572 251 I

132 343 243 405 talibus
265 345 297 403 in
320 346 430 424 causis,
452 344 562 405 nedum
585 347 726 405 variantia
748 363 849 406 rerum

131 439 214 492 tanta
237 437 325 510 queat
347 431 447 492 densis
469 435 603 511 rarisque
627 451 663 493 ex
685 432 803 511 ignibus
827 453 900 494 6660.

56 527 115 580 655
132 520 165 580 id
188 537 318 599 quoque:
341 521 368 579 si
389 520 498 580 faciant
520 521 681 581 admixtum
703 519 793 581 rebus
816 524 916 604 inane,
1026 537 1064 577 ors

57 615 113 666 650
133 608 253 668 denseri
275 608 415 687 poterunt
436 610 520 686 ignes
543 611 661 688 rarique
685 609 825 690 relinqui,

135 696 188 757 sed
210 697 278 775 quia
301 695 391 756 multa
415 695 472 756 sihi
495 703 620 758 cernunt
644 700 789 758 contraria
812 716 931 758 rursum

134 793 165 844 et
185 785 312 863 fugitant
334 787 365 843 in
388 782 478 844 robus
500 787 587 846 inane
610 785 777 864 relinquere
799 804 920 867 purum,

134 871 224 933 ardua
247 871 316 932 dum
339 878 488 953 metuunt,
511 876 648 934 amittunt
670 892 738 934 vera
760 876 830 954 viai,

60 967 117 1018 660
136 977 192 1020 666
213 977 332 1021 rursum
355 968 480 1021 cernunt
502 969 637 1041 exempto
662 960 752 1022 rebus
774 964 854 1021 inani
1026 975 1065 1016 ooo

60 1055 115 1105 656
135 1050 233 1108 omnia
256 1047 375 1108 denseri
399 1050 520 1127 fierique
545 1068 581 1109 ex
604 1049 740 1110 omnihus
762 1068 854 1110 unum

134 1153 255 1216 corpus,
278 1136 321 1196 nil
343 1136 378 1197 ab
403 1155 435 1198 se
458 1137 537 1215 quod
558 1140 653 1217 possit
674 1139 791 1197 mittere
815 1140 934 1218 raptim,

134 1223 255 1284 aestifer
275 1225 352 1303 ignis
375 1226 419 1285 uti
442 1224 541 1284 lumen
564 1227 633 1285 iacit
655 1231 741 1304 atque
764 1243 914 1307 vaporem,

134 1318 168 1372 ut
189 1312 288 1372 videas
311 1330 371 1372 non
394 1330 410 1372 6
434 1314 549 1391 stipatis
571 1312 704 1391 partibus
728 1331 801 1373 esse.

59 1405 119 1456 665
136 1399 215 1478 quod
237 1402 264 1459 si
286 1400 361 1460 forte
385 1399 440 1460 alia
462 1400 587 1460 credrmt
609 1403 721 1461 ratione
744 1407 861 1479 potesse
1024 1413 1063 1454 005

60 1494 116 1544 660
134 1488 212 1565 ignis
235 1489 267 1547 in
290 1493 376 1548 coetu
399 1490 509 1567 stingui
531 1495 703 1567 mutareque
726 1506 847 1568 corpus,

135 1574 261 1656 scilicet,
283 1593 320 1636 ex
342 1575 421 1636 nulla
443 1576 540 1636 facere
563 1576 593 1636 id
616 1579 643 1636 si
665 1583 747 1655 parte
770 1583 938 1657 reparcent,

134 1662 249 1724 occidet
271 1664 307 1724 ad
329 1662 436 1744 nilum,
458 1667 490 1723 ni
511 1666 633 1745 mirum,
655 1663 787 1724 funditus
810 1663 897 1724 ardor

135 1752 231 1811 omnis
254 1758 284 1812 et
304 1769 321 1812 6
342 1750 403 1810 nilo
425 1751 498 1811 fient
520 1769 722 1831 quaecumque
745 1759 895 1812 creantur:

62 1844 121 1895 670
134 1856 202 1899 nam
224 1839 428 1918 quodcumque
452 1841 514 1899 suis
536 1847 680 1901 mutatum
704 1839 811 1900 finibus
835 1843 908 1920 exit,
1024 1854 1073 1893 00·

61 1933 115 1982 665
135 1928 274 1987 continuo
296 1926 353 1987 hoo
374 1945 454 1987 mors
477 1934 523 1987 est
548 1927 627 1989 iliius
651 1929 730 2008 quod
752 1929 808 1989 fuit
830 1935 905 1988 ante.

133 2015 256 2093 proinde
280 2014 389 2095 aliquid
413 2033 552 2094 superare
575 2023 726 2077 necessest
748 2015 894 2077 incolume
918 2014 996 2095 ollio,

134 2119 172 2162 nc
194 2102 250 2163 tibi
271 2121 320 2163 res
343 2102 466 2164 redeant
488 2103 523 2164 ad
545 2104 639 2165 nilum
662 2104 793 2165 funditus
816 2121 918 2163 omncs

135 2189 172 2250 de
194 2190 313 2270 niloque
335 2198 436 2252 renata
459 2193 586 2270 vigescat
608 2194 691 2271 copia
713 2209 821 2251 rerum.

62 2284 120 2335 675
135 2297 214 2339 nunc
237 2281 328 2358 igitur
351 2282 489 2360 quoniam
512 2282 675 2340 certissima
698 2296 821 2358 corpora
845 2278 986 2356 quaedam
1024 2291 1063 2332 666

62 2374 116 2424 670
136 2374 216 2447 sunt,
240 2385 313 2447 quae
336 2375 511 2428 conservant
532 2374 666 2428 naturam
690 2385 806 2446 semper
829 2367 964 2448 eandem,

136 2472 261 2533 quorum
283 2455 364 2516 abitu
387 2462 437 2516 aut
459 2455 540 2517 aditu
562 2463 732 2534 mutatoque
754 2456 856 2515 ordine
879 2462 993 2516 mutant

134 2548 269 2604 naturam
291 2561 339 2604 666
363 2551 393 2604 et
414 2550 588 2604 convertunt
611 2562 732 2623 corpora
756 2562 834 2624 sese,

136 2632 213 2690 scire
236 2630 305 2691 licet
326 2649 385 2692 non
410 2650 475 2692 esse
498 2632 570 2693 haec
593 2635 678 2710 ignca
701 2650 823 2711 corpora
845 2650 953 2693 rerum.

63 2725 121 2776 660
134 2716 176 2777 nil
199 2719 324 2778 referret
346 2721 425 2779 enim
449 2720 590 2798 quaedam
614 2720 768 2800 decedere,
792 2720 885 2801 abire,
1024 2734 1064 2773 680

64 2812 116 2861 675
135 2811 223 2884 atque
246 2805 302 2866 alia
324 2806 465 2889 adtribui,
488 2811 654 2886 mutarique
677 2809 780 2868 ordine
804 2809 958 2889 quaedam,

136 2895 162 2952 si
183 2899 282 2953 tamen
304 2894 418 2972 ardoris
440 2902 574 2955 naturam
597 2903 702 2957 cuncta
723 2903 871 2956 tenerent:

134 2982 212 3059 ignis
234 2984 314 3042 enirn
336 2983 413 3043 foret
435 2984 610 3044 omnimodis
633 2984 837 3064 quodcumque
861 2991 1002 3044 crearent.

134 3087 246 3151 rerum,
264 3076 297 3130 ut
314 3073 427 3152 opinor,
445 3073 527 3132 itast:
547 3078 615 3132 sunt
633 3073 775 3151 quaedam
790 3089 921 3153 corpora,
940 3089 1064 3151 quorum

62 3164 120 3215 665
135 3175 296 3218 concursus
319 3165 416 3220 motus
439 3159 510 3220 ordo
533 3162 664 3238 positura
686 3160 796 3238 figurae
1025 3173 1064 3213 085

62 3252 116 3302 660
135 3245 267 3306 efficiunt
289 3248 379 3327 ignia,
402 3254 571 3326 mutatoque
594 3248 696 3308 ordine
719 3255 834 3308 mutant

134 3340 269 3394 naturam
291 3353 387 3414 neque
411 3343 480 3395 sunt
502 3337 564 3414 igni
587 3336 722 3397 simulata
744 3355 840 3414 neque
864 3337 916 3397 ulli
940 3400 943 3413 ,

134 3428 287 3500 practerea
309 3425 354 3484 rei
377 3442 451 3502 quae
474 3442 597 3503 corpora
619 3427 737 3485 mittere
760 3427 855 3505 possit

134 3509 271 3572 sensibus
294 3518 324 3572 et
346 3519 463 3573 nostros
486 3512 604 3576 adiectu
625 3520 748 3595 tangere
767 3521 879 3576 tactus.

837 3617 878 3670 γε·
