2430 3878
138 201 180 266 56
626 201 653 254 Π

209 347 374 408 inmortalia
398 350 425 408 si
446 347 581 408 volumus
605 348 783 427 subiungere
806 347 896 408 rebus

138 452 191 502 800
208 436 410 517 fundamenta,
433 436 540 514 quibus
563 438 674 497 nitatur
697 454 811 497 summa
834 435 951 516 salutis3

208 543 246 585 ne
269 523 324 584 tibi
346 543 395 584 res
418 525 540 585 redeant
563 525 599 585 ad
622 524 715 585 nilum
738 523 870 584 funditus
895 542 1006 584 omnes.

139 628 196 680 865
253 613 338 672 Nunc
361 631 395 673 ea
419 631 492 691 quae
512 615 623 673 sentire
642 613 775 673 videmus
795 631 920 691 cumque
940 619 1101 674 necessest
1112 625 1155 667 8⁶⁵

210 719 246 761 ex
269 700 460 761 insensilibus
483 709 581 761 tamen
605 703 702 761 omnia
725 701 881 762 confiteare

209 791 365 869 principiis
388 797 531 849 constare.
570 807 665 868 neque
689 789 719 848 id
743 789 906 850 manufesta
928 789 1062 849 refutant

140 893 191 942 865
210 897 265 938 uec
289 884 390 938 contra
412 884 543 956 pugnant
565 880 596 937 in
619 884 758 957 promptu
781 879 897 956 cognita
920 896 994 957 quae
1018 884 1104 958 sunt,

212 966 263 1026 sed
286 969 379 1044 magis
403 968 467 1044 ipsa
490 984 580 1026 manu
603 965 715 1026 ducunt
738 973 768 1026 et
790 965 911 1026 credere
936 973 1046 1044 cogunt

139 1070 195 1122 870
210 1073 245 1114 ex
268 1053 473 1134 insensilibus,
497 1053 575 1133 quod
599 1052 677 1134 dico,
701 1053 837 1113 animalia
860 1056 948 1132 gigni.
1109 1068 1154 1109 810

211 1145 319 1222 quippe
343 1143 442 1202 videre
465 1141 535 1202 licet
556 1145 638 1202 vivos
661 1144 788 1202 existere
811 1160 927 1201 vermes

211 1237 341 1291 stercore
365 1231 401 1290 de
424 1237 531 1311 taetro,
553 1238 690 1309 putorem
713 1249 779 1291 cum
803 1229 862 1289 sibi
884 1236 999 1291 nactast

140 1334 192 1386 870
210 1321 425 1397 intempestivis
449 1337 484 1378 ex
507 1317 652 1379 imbribus
674 1319 774 1378 umida
796 1317 897 1399 tellus,

210 1414 363 1485 praeterea
387 1414 507 1467 cunctas
530 1407 632 1466 itidem
655 1425 704 1466 res
726 1413 842 1466 vertere
865 1424 940 1466 sese.

140 1511 195 1562 375
208 1503 327 1555 vertunt
350 1513 381 1554 se
405 1495 486 1554 fluvii
509 1495 629 1555 frondes
655 1501 684 1554 et
705 1493 813 1573 pabula
834 1494 910 1554 laeta
1107 1507 1150 1548 ⁸⁷⁶

211 1585 242 1642 in
264 1582 407 1662 pecudes,
429 1589 548 1642 vertunt
569 1583 698 1662 pecudes
721 1585 752 1643 in
775 1600 899 1661 corpora
920 1589 1023 1642 nostra

211 1677 358 1750 naturam,
382 1678 411 1730 et
433 1677 534 1730 nostro
558 1671 594 1730 de
618 1689 741 1750 corpore
765 1689 852 1749 saepe
875 1671 1005 1730 serarum

140 1775 193 1825 878
212 1765 375 1836 augescunt
397 1760 474 1817 vires
498 1765 528 1818 et
550 1777 673 1837 corpora
696 1761 949 1837 pennipotentum.

211 1865 282 1925 ergo
306 1864 409 1906 omnes
431 1853 536 1907 natura
559 1846 640 1907 cibos
664 1849 695 1907 in
719 1865 842 1926 corpora
865 1849 929 1907 viva

141 1937 299 2002 convertit
322 1941 351 1994 et
372 1935 442 1994 hinc
466 1953 571 1995 sensus
595 1938 775 1995 animantum
797 1941 934 2014 procreat
957 1952 1074 2017 omnes,
1107 1949 1150 1990 eso

212 2022 349 2083 nonalia
373 2022 458 2101 longe
481 2026 595 2084 ratione
618 2030 705 2102 atque
729 2023 810 2083 arida
832 2023 911 2101 ligna

212 2110 338 2190 explicat
359 2112 391 2170 in
413 2111 544 2172 flammas
568 2114 651 2172 etin
674 2113 751 2190 ignis
775 2113 872 2171 omnia
895 2117 1000 2171 versat.

141 2215 193 2267 880
212 2203 308 2260 iamne
332 2199 414 2260 vides
437 2202 527 2278 igitur
550 2203 649 2278 magni
670 2199 831 2279 primordia
853 2217 955 2259 rerum

211 2288 324 2348 referre
347 2290 378 2347 11
402 2288 481 2367 quali
504 2291 564 2348 sint
587 2288 690 2348 ordine
714 2306 847 2366 quaeque
870 2288 964 2348 locata

141 2379 419 2444 0050110111111111
443 2376 549 2455 quibus
572 2377 644 2436 dent
665 2383 762 2436 motus
785 2371 1010 2454 accipiantque?
1106 2387 1150 2431 scs

256 2464 331 2524 Tum
342 2482 440 2544 porro,
457 2465 527 2543 quid
539 2464 569 2524 id
582 2471 635 2545 est,
653 2466 783 2524 animum
796 2464 874 2542 quod
885 2465 1023 2544 percutit,
1039 2465 1149 2545 ipsum,

214 2551 292 2629 quod
315 2560 412 2610 movet
435 2558 464 2611 et
487 2554 582 2611 varios
606 2570 711 2612 sensus
735 2570 908 2631 expromere
931 2554 1024 2633 cogit,

142 2656 194 2705 885
213 2657 249 2698 01
272 2638 464 2699 insensilibus
487 2658 524 2699 ne
547 2640 650 2701 credas
674 2639 781 2700 sensile
805 2636 907 2718 gigni?

44 2727 46 2731 ’
213 2728 367 2808 nimirum,
389 2726 502 2806 lapides
526 2734 555 2787 et
576 2727 654 2807 ligna
679 2736 708 2788 et
729 2735 809 2788 terra
832 2727 910 2807 quod
933 2746 991 2787 una

142 2831 198 2883 890
212 2817 302 2875 mixta
323 2822 424 2876 tamen
446 2825 597 2895 nequeunt
619 2815 736 2876 vitalem
759 2815 883 2876 reddere
907 2834 1037 2876 sensum.
1106 2829 1151 2870 ceo

212 2903 284 2964 illud
307 2906 338 2964 in
360 2905 407 2964 his
430 2906 521 2984 igitur
543 2904 633 2965 rebus
656 2907 827 2964 meminisse
851 2902 980 2984 decebit,

212 3010 271 3052 non
295 3011 331 3053 ex
354 2992 489 3053 omnibus
514 2996 646 3073 omnino,
671 3011 871 3072 quaecumque
894 2998 996 3052 creant
1018 3010 1067 3052 res

142 3096 193 3146 800
213 3081 347 3161 sensilia,
370 3081 516 3159 extemplo
539 3100 586 3141 me
610 3083 690 3160 gigni
714 3081 812 3142 dicere
836 3099 955 3161 sensus,

213 3169 264 3228 sed
287 3171 385 3247 magni
407 3170 520 3229 referre
544 3171 728 3248 caprimum
752 3169 890 3248 quantula
913 3175 1062 3249 constent,

141 3256 324 3324 0950018110
349 3276 421 3336 quae
445 3258 570 3338 iaciunt,
593 3264 702 3336 etqua
726 3260 785 3318 sint
807 3256 939 3337 praedita
962 3257 1070 3338 forma,
1106 3268 1148 3311 ⁸⁹⁵

212 3343 342 3405 motibus
366 3345 519 3406 ordinibus
542 3347 684 3425 posituris
709 3346 835 3425 denique
860 3348 926 3424 quis
950 3347 1018 3406 sint.

213 3451 337 3512 quarum
360 3433 403 3493 nil
425 3452 526 3494 rerum
549 3436 579 3493 in
603 3433 691 3512 lignis
716 3433 884 3514 glaebisque
907 3432 1057 3494 videmus:

127 3536 185 3584 800
204 3529 236 3582 et
258 3529 358 3584 tamen
380 3522 465 3609 baec,
488 3541 558 3585 cum
581 3529 652 3586 sunt
674 3525 761 3603 quasi
775 3523 942 3603 putreiacta
954 3540 1009 3599 per
1026 3520 1149 3599 imbres,
