2430 3878
552 183 579 236 Π
1024 184 1067 248 43

54 338 109 388 000
129 348 255 410 corpora
273 337 342 390 sunt
360 348 448 409 quam
463 331 499 392 de
514 331 622 410 quibus
637 338 682 392 est
696 331 794 410 liquor
808 331 903 392 almus
917 350 1068 411 aquarum.

129 426 162 479 et
185 420 317 497 quamvis
340 417 438 479 subito
460 438 515 498 per
537 419 635 480 colum
658 422 725 480 vina
748 420 882 481 videmus

130 508 291 587 perfluere:
315 513 344 567 at
366 514 468 567 contra
491 508 608 568 tardum
631 515 788 569 cunctatur
811 508 931 588 olivom,

132 602 185 656 aut
207 597 290 675 quia,
311 597 467 676 nimirum,
490 596 653 656 maioribus
677 603 723 657 est
746 596 901 657 elementis

132 691 184 744 aut
204 685 298 762 magis
320 682 445 744 hamatis
468 685 546 744 inter
569 702 601 744 se
624 703 737 764 perque
760 684 890 765 plicatis,

54 780 112 830 395
133 779 221 851 atque
244 772 310 832 ideo
333 772 367 831 lit
389 772 434 832 uti
457 779 598 832 nontam
621 773 741 834 diducta
763 780 886 851 repente

133 863 213 921 iuter
234 878 267 920 se
289 861 406 938 possint
427 860 589 938 primordia
613 861 728 940 singula
751 879 885 940 quaeque

135 947 249 1027 singula
270 966 325 1026 per
348 949 491 1026 cuiusque
513 950 656 1011 foramina
680 968 863 1030 permanare.

133 1036 193 1097 buc
215 1035 328 1096 accedit
349 1037 395 1096 uti
416 1035 513 1096 mellis
536 1036 678 1116 lactisque
702 1037 833 1116 liquores

134 1123 263 1187 iucundo
288 1141 378 1184 seusu
401 1122 517 1201 huguae
539 1131 704 1185 tractentur
727 1128 758 1185 in
781 1143 846 1186 ore:
919 1169 921 1173 ι

55 1222 114 1272 400
135 1220 165 1274 at
187 1220 290 1273 contra
312 1219 407 1272 taetra
430 1210 560 1272 absinthi
581 1220 686 1274 natura
709 1214 824 1292 ferique

134 1302 270 1363 centauri
292 1300 377 1360 loedo
401 1307 594 1380 pertorquent
617 1319 668 1361 ora
691 1320 809 1382 sapore3

134 1397 169 1451 ut
191 1389 276 1450 lacile
299 1406 441 1467 agnoscas
465 1407 481 1448 e
504 1387 619 1450 levibus
643 1397 729 1469 atque
752 1388 890 1450 rutundis

135 1496 202 1539 esse
225 1495 260 1537 ea
283 1495 357 1556 quae
381 1494 486 1537 seusus
510 1478 637 1538 iucunde
659 1485 780 1556 tangere
803 1484 940 1560 possunt,

135 1574 166 1628 at
190 1573 292 1627 contra
315 1583 390 1645 quae
414 1583 512 1626 amara
535 1572 621 1645 atque
644 1584 749 1646 aspera
771 1584 897 1645 cumque
921 1564 1071 1645 videntur,

58 1663 117 1714 405
135 1655 209 1716 haec
231 1656 325 1732 magis
346 1653 471 1714 hamatis
495 1655 573 1714 inter
597 1672 630 1714 se
653 1673 728 1715 nexa
750 1657 848 1715 teneri

135 1749 352 1824 proptereaque
375 1741 471 1802 solere
493 1744 556 1802 rias
579 1743 748 1803 rescindere
772 1745 883 1803 nostris

137 1831 275 1893 sensibus
297 1832 479 1909 introituque
502 1848 556 1890 suo
578 1848 770 1910 perrumpere
796 1849 913 1910 corpus.

137 1921 236 1981 omnia
258 1925 408 1998 postremo
431 1917 508 1978 hona
531 1918 668 1980 sensibus
691 1928 721 1980 et
742 1919 817 1980 mala
840 1927 921 1980 tactu

137 2006 276 2069 dissimili
298 2009 377 2067 inter
399 2025 431 2067 se
454 2015 585 2086 pugnant
607 2008 738 2086 perlecta
761 2009 867 2089 figura3

60 2106 118 2156 410
137 2114 176 2157 ne
198 2103 232 2157 tu
254 2096 330 2156 forte
353 2101 440 2174 putes
463 2113 563 2155 serrae
587 2095 739 2156 stridentis
762 2096 901 2157 acerbum

136 2185 292 2246 horrorem
315 2190 450 2244 constare
474 2183 627 2244 elementis
650 2184 763 2244 levibus
787 2202 879 2264 aeque

138 2291 173 2334 ac
195 2290 316 2333 musaea
337 2271 427 2352 mele,
450 2289 505 2350 per
527 2271 652 2331 chordas
677 2273 808 2350 organici
830 2289 904 2351 0000

140 2360 300 2423 mobilibus
323 2359 423 2438 digitis
446 2360 650 2439 expergefacta
672 2360 812 2439 figurant,

138 2468 199 2511 neu
222 2447 312 2510 simili
333 2453 488 2527 penetrare
511 2454 597 2526 putes
620 2448 782 2527 primordia
804 2449 898 2508 iorma

62 2546 119 2598 415
139 2541 172 2600 in
193 2555 281 2598 nares
303 2536 469 2616 hominum,
493 2554 560 2596 cum
583 2542 676 2597 taetra
700 2537 839 2597 cadavera
862 2542 990 2617 torrent,

140 2634 171 2688 ct
193 2644 261 2687 cum
283 2642 372 2686 scena
395 2642 481 2685 croco
504 2624 590 2685 Cilici
611 2627 731 2704 perfusa
753 2643 858 2687 recens
881 2631 927 2686 est

140 2732 248 2793 araque
271 2713 445 2774 Panchaeos.
463 2712 579 2774 exhalat
600 2721 723 2792 propter
746 2714 865 2794 odores,

138 2821 213 2864 neve
236 2801 329 2863 bonos
352 2818 454 2862 rerum
476 2801 566 2861 simili
589 2808 724 2862 constare
748 2802 862 2862 colores

140 2893 253 2952 semine
276 2892 452 2970 constituas,
475 2888 576 2950 ocados
600 2892 650 2968 qui
671 2909 794 2969 pascere
817 2897 955 2970 possunt,

63 2989 120 3039 420
140 2988 170 3041 et
193 2981 245 3059 qui
267 2984 458 3059 conpungunt
481 2980 573 3039 aciem
596 2977 808 3058 lacrimareque
832 2985 941 3056 coguut

140 3075 191 3129 aut
213 3065 419 3146 loedaspecie
442 3065 500 3125 diri
523 3073 684 3146 turpesque
706 3067 853 3127 videntur.

140 3158 237 3218 omnis
260 3157 353 3236 enim,
376 3172 482 3214 seusus
505 3172 580 3233 quae
603 3154 714 3215 mulcet
736 3173 862 3234 cumque
880 3151 904 3234 †
922 3153 1058 3215 videntur

138 3245 210 3306 haut
233 3246 301 3304 sine
320 3241 488 3323 principiali
511 3242 609 3321 aliquo
633 3241 730 3302 levore
754 3250 895 3303 creatast:

139 3340 170 3394 at
192 3340 294 3394 contra
316 3349 518 3412 quaecumque
541 3330 665 3390 molesta
688 3337 775 3408 atque
800 3349 902 3409 aspera
927 3338 1054 3413 constat,

63 3432 120 3482 400
138 3439 199 3483 000
221 3421 320 3500 aliquo
344 3422 407 3480 sine
430 3420 570 3479 materiae
595 3418 731 3497 squalore
754 3425 908 3498 repertast.

139 3517 209 3572 sunt
230 3512 321 3579 etiam
343 3526 418 3589 quae
441 3509 500 3567 iam
523 3525 578 3568 000
602 3506 680 3568 levia
700 3509 769 3569 iure
788 3514 933 3587 putantur
