2430 3878
538 114 578 170 Ν
998 113 1062 180 113

130 260 242 323 diditur
266 267 296 322 61
317 279 401 322 rarae
424 280 480 342 per
500 261 576 323 ilexa
598 263 741 324 foramina
763 255 905 342 linguae(
1018 298 1020 304 >

59 365 111 416 666
129 349 186 410 hoc
208 349 261 410 aelii
282 348 357 410 levia
380 359 448 411 sunt
470 354 615 411 manantis
639 369 761 431 corpora
784 354 861 432 saci,

59 455 116 507 621
130 440 259 499 suaviter
282 440 428 517 attingunt
451 446 481 498 et
503 442 634 500 suaviter
656 441 753 500 omnia
774 447 901 500 tractant

130 526 230 587 umida
252 525 363 604 linguai
386 529 498 588 6116616
521 527 655 588 sudantia
676 527 797 606 templa:

129 621 160 675 at
182 620 284 675 contra
305 622 440 693 pungunt
463 633 584 676 sensum
606 616 793 694 lacerantque
816 623 929 698 coorta,
1024 636 1063 679 on

131 709 240 781 quanto
263 721 397 782 quaeque
419 706 512 782 magis
536 711 606 765 sunt
628 707 785 783 asperitate
808 704 928 784 repleta.

56 807 112 857 616
132 791 240 850 deinde
260 790 393 870 voluptas
417 798 463 851 est
485 810 501 851 e
525 811 597 852 suco
619 793 677 852 fine
700 791 804 870 palati:

56 895 118 946 626
134 897 201 939 cum
224 897 292 938 vero
316 879 454 940 deorsum
476 898 530 958 per
553 880 652 940 fauces
674 882 891 961 praecipitavit,

131 966 211 1027 nulla
232 966 368 1046 voluptas
389 974 447 1048 est,
470 967 540 1027 dum
563 969 659 1027 omnis
680 970 714 1027 in
736 968 848 1029 diditur
871 975 964 1049 artus,

129 1074 185 1115 nec
207 1054 300 1114 refert
321 1057 479 1134 quicquam
502 1073 559 1135 quo
581 1058 662 1116 victu
684 1074 793 1135 corpus
815 1056 920 1136 alatur,
1025 1078 1063 1119 ceo

132 1142 290 1203 dummodo
313 1143 390 1222 qurod
414 1145 514 1222 capias
535 1150 706 1204 concoctum
730 1143 831 1204 didere
854 1146 953 1224 possis

55 1246 111 1298 615
131 1230 252 1291 artubus
276 1237 306 1291 et
327 1232 469 1291 stomachi
490 1239 640 1292 umectum
663 1250 779 1292 servare
801 1239 943 1292 tenorem.

56 1335 114 1386 631
172 1317 258 1380 Numa
280 1318 346 1379 aliis
367 1319 442 1380 alius
466 1322 517 1398 qui
540 1322 579 1380 sit
601 1319 685 1380 cibus
708 1327 742 1380 61
763 1320 916 1381 videamus

552 1425 570 1466 a

131 1494 297 1575 expediam,
320 1513 460 1577 quareve,
483 1495 549 1556 aliis
571 1495 650 1574 quod
672 1497 758 1557 triste
781 1502 811 1556 et
834 1503 1005 1578 emeramni,

130 1581 189 1643 hoc
207 1589 308 1643 166666
330 1602 396 1643 esse
419 1583 484 1644 aliis
506 1586 601 1663 possit
622 1583 762 1663 perdulce
784 1583 892 1667 videri,
1024 1607 1062 1648 ces

131 1677 270 1749 tantaque
292 1673 324 1731 in
346 1671 393 1731 his
415 1671 507 1732 rebus
528 1672 667 1732 distantia
691 1672 906 1754 differitasque,

57 1776 113 1825 620
130 1765 165 1818 ut
187 1759 265 1837 qnod
289 1759 328 1819 ali
350 1759 434 1820 cibus
457 1766 503 1820 est
526 1759 591 1820 aliis
614 1760 675 1820 luat
698 1779 764 1820 acre
787 1778 946 1842 venenum,
1023 1797 1026 1804 »

57 1862 116 1914 636
130 1853 176 1908 est
197 1854 231 1906 ut
252 1865 329 1926 quae
352 1865 487 1928 serpens,
509 1847 639 1908 hom-inis
660 1867 734 1926 quac
755 1855 833 1908 tacta
856 1848 954 1909 salivis

131 1935 255 2014 disperit
276 1954 312 1996 ac
333 1953 398 1996 sese
421 1935 586 1996 mandendo
609 1937 727 1996 conficit
748 1938 820 2014 ipsa.

130 2029 282 2103 praeterea
303 2023 391 2083 nolois
412 2031 589 2084 veratramast
612 2041 678 2084 acre
700 2041 859 2105 venenum,
1023 2045 1062 2085 cco

131 2118 161 2171 at
183 2113 279 2190 capris
302 2111 404 2191 adipes
427 2118 457 2172 et
478 2110 678 2171 coturnicibus
702 2117 796 2189 auget.

57 2215 112 2266 unc
130 2207 165 2260 ut
187 2199 347 2277 quibus-id
370 2200 421 2259 liat
442 2198 531 2260 rebus
555 2216 732 2277 cognoscere
754 2201 864 2278 possis,

57 2289 276 2367 641principio
299 2289 469 2348 meminisse
493 2287 578 2347 decet
600 2305 673 2366 quae
697 2287 825 2346 (luximus
848 2293 927 2367 ante,

132 2377 244 2436 semina
266 2375 448 2436 multimodis
470 2378 502 2436 in
523 2375 616 2436 relius
635 2377 725 2435 mixta
747 2377 851 2435 teneri.

131 2482 221 2542 porro
243 2481 345 2524 omnes
365 2482 566 2543 quaecumque
584 2463 683 2524 cibum
701 2465 820 2542 capiunt
838 2464 1009 2542 animantes
1022 2485 1061 2525 ecs

131 2558 165 2612 ut
187 2558 257 2612 sunt
278 2552 436 2612 dissimiles
459 2555 643 2613 extrinsecam
666 2559 696 2612 et
718 2553 882 2631 generatim

57 2657 113 2707 636
132 2641 240 2700 extima
261 2639 462 2701 membrorum
485 2643 597 2701 circum
619 2658 739 2700 caesura
762 2644 891 2718 coercet,

57 2744 115 2795 646
127 2728 252 2808 proinde
275 2746 311 2788 ex
335 2727 498 2789 seminibus
521 2735 655 2789 constant
676 2730 806 2788 variante
829 2728 929 2804 ligura

131 2818 244 2876 semina
266 2834 335 2877 oum
356 2835 446 2895 porro
469 2818 590 2897 distent,
613 2817 731 2877 differre
753 2820 905 2875 necessest

131 2903 283 2964 intervalla
306 2907 440 2986 viasque,
461 2906 605 2966 foramina
627 2923 701 2984 quae
724 2903 927 2982 perhibemus,
1024 2921 1063 2963 cco

131 2991 269 3052 omnibus
290 2994 324 3052 in
344 2993 485 3053 membris
509 3001 539 3054 61
560 2996 592 3054 16
615 3011 665 3053 ore
688 2994 811 3071 ipsoque
834 2989 944 3070 palato:

57 3094 112 3145 666
131 3098 199 3141 esse
219 3082 334 3141 minora
357 3084 448 3159 igitur
470 3081 613 3160 quaedam
634 3083 803 3159 maioraque
826 3078 947 3159 debent,

58 3184 198 3235 651esse
219 3171 364 3252 triquetra
387 3169 464 3250 aliis,
491 3169 556 3230 aliis
580 3169 718 3248 quadrata
740 3173 905 3248 necessest,

129 3256 221 3318 multa
244 3258 384 3338 rutunda,
406 3257 502 3318 modis
524 3257 625 3318 multis
647 3255 828 3336 multangula
850 3255 999 3335 quaedam.

129 3363 257 3424 namque
279 3347 440 3424 figurarum
462 3348 536 3406 ratio
559 3352 593 3405 ut
614 3353 770 3424 motusque
792 3351 965 3426 reposcunt,
1023 3363 1062 3406 ecc

129 3434 253 3513 proinde
276 3433 469 3495 foraminibus
492 3433 600 3494 debent
622 3433 740 3494 dilierre
763 3435 887 3514 figurae,

103 3541 248 3584 Lemnius
263 3543 298 3586 ed.
312 3544 444 3599 Brieger.
844 3539 868 3589 Q
