2430 3878
582 175 623 236 lv

173 326 252 386 unde
276 328 349 386 sciat
372 326 442 404 quid
467 328 505 386 sit
529 329 605 387 scire
628 334 658 386 et
680 327 796 387 nescire
819 326 962 405 vicissim,
1072 342 1111 384 ova

174 417 309 474 notitiam
332 417 395 475 veri
418 433 492 493 quae
515 434 564 475 res
587 415 711 493 falsique
734 416 855 493 crearit,

101 521 155 570 460
175 511 205 563 et
228 502 350 563 dubium
373 510 454 562 certo
479 521 553 581 quae
577 522 625 563 res
648 503 768 562 differre
791 501 931 580 probarit.

99 607 157 658 476
174 593 307 651 invenies
330 593 435 669 primis
459 590 494 650 ab
519 591 655 651 sensibus
679 609 744 651 esse
768 597 895 651 creatam

174 681 309 740 notitiem
332 682 407 759 veri,
430 697 526 758 neque
550 698 655 739 sensus
678 697 765 758 posse
788 678 891 738 roselli.

173 786 242 828 nam
265 769 376 827 maiore
399 767 456 827 fide
480 767 568 827 debet
590 770 750 846 reperirier
772 765 857 846 illud,

176 864 279 935 sponte
303 874 355 915 sua
378 857 456 915 veris
481 856 558 934 quod
581 858 676 934 possit
698 858 816 915 vincere
840 855 923 915 salsa:

99 961 156 1010 ooo
175 944 245 1023 quid
269 946 379 1004 maiore
402 943 459 1002 fide
482 961 571 1022 porro
596 962 682 1022 quam
706 962 810 1004 sensus
833 943 935 1003 haberi

102 1047 157 1099 481
175 1028 283 1093 debet?
320 1051 356 1092 an
380 1031 415 1091 ab
440 1050 529 1092 sensu
552 1031 624 1092 falso
647 1034 723 1092 ratio
747 1039 811 1092 orta
832 1032 940 1092 valebit

175 1121 275 1180 dicere
299 1138 350 1180 eos
373 1127 488 1200 contra,
512 1139 585 1198 quae
609 1127 670 1180 tota
693 1119 728 1179 ab
753 1120 888 1180 sensibus
913 1116 1029 1198 aptast?

176 1211 227 1287 qui
250 1211 308 1269 nisi
332 1216 401 1268 sunt
423 1211 498 1288 veri,
521 1210 597 1268 ratio
620 1227 736 1287 quoque
761 1208 832 1268 salsa
855 1209 887 1268 fit
911 1210 1014 1268 omnis.
1072 1227 1112 1270 cea

175 1316 213 1358 an
235 1305 375 1377 poterunt
398 1297 498 1356 oculos
522 1315 608 1357 aures
631 1297 863 1377 reprehendere,
886 1315 923 1356 an
947 1315 1033 1357 aures

101 1404 156 1452 470
174 1382 292 1447 tactus?
329 1403 365 1445 an
388 1385 467 1445 hunc
489 1403 578 1463 porro
600 1392 710 1446 tactum
734 1403 821 1463 sapor
845 1391 947 1463 arguet
970 1386 1043 1464 oris,

100 1491 159 1542 486
175 1493 212 1534 an
236 1473 428 1534 confutabunt
450 1492 537 1534 nares
561 1472 673 1533 oculive
697 1470 870 1534 revincent?

176 1581 247 1642 non,
270 1569 303 1622 ut
327 1564 444 1641 opinor,
467 1564 544 1621 itast.
581 1580 649 1621 nam
672 1580 807 1622 seorsum
831 1564 937 1640 cuique
960 1568 1091 1639 potestas

176 1651 310 1730 divisast,
334 1669 386 1709 sua
409 1653 454 1710 vis
478 1652 626 1730 cuiquest,
648 1650 773 1728 ideoque
797 1658 949 1710 necessest
1072 1672 1113 1712 ooo

176 1747 206 1799 et
228 1739 305 1817 quod
329 1738 416 1798 molle
441 1740 479 1798 sit
502 1745 532 1797 et
554 1738 683 1816 gelidum
705 1739 857 1799 fervensve
882 1756 1017 1798 seorsum

99 1843 156 1893 4vo
176 1836 206 1887 et
229 1845 362 1887 seorsum
385 1828 481 1886 varios
505 1844 605 1885 rerum
629 1829 738 1886 sentire
763 1826 889 1906 coloreS,

99 1931 156 1982 491
173 1908 183 1999 Η
197 1922 226 1975 et
249 1933 450 1993 quaecumque
474 1913 614 1975 coloribu'
637 1917 697 1974 sint
719 1917 875 1975 coniuncta
897 1914 1011 1975 videre:
1031 1909 1042 1993 ΙΙ

176 2021 295 2064 seorsus
318 2006 390 2063 item
414 2020 501 2081 sapor
524 2005 584 2062 oris
607 2003 695 2063 babet
716 2005 788 2083 vim,
812 2021 932 2063 seorsus
955 2002 1060 2062 odores

175 2099 348 2172 nascuntur,
373 2109 489 2151 sorsum
512 2093 634 2151 sonitus.
670 2091 795 2169 ideoque
819 2097 970 2151 necessest
1071 2110 1110 2152 coo

176 2199 235 2240 non
258 2182 372 2258 possint
395 2178 468 2238 alios
491 2178 542 2238 alii
565 2181 738 2239 convincere
763 2197 876 2239 sensus.

96 2285 157 2335 ⁴480
176 2287 231 2328 nec
253 2286 342 2346 porro
365 2275 505 2346 poterunt
527 2269 586 2346 ipsi
608 2266 825 2346 reprehendere
849 2284 928 2346 sese,

101 2373 159 2424 496
175 2375 266 2435 aequa
289 2356 362 2416 fides
387 2359 525 2435 quoniam
548 2355 668 2415 debebit
690 2373 808 2434 semper
830 2353 941 2414 haberi.

175 2444 298 2523 proinde
319 2443 396 2523 quod
414 2447 446 2503 in
466 2451 611 2522 quoquest
628 2444 675 2503 his
693 2445 789 2503 visum
807 2451 949 2524 tempore,
970 2451 1110 2505 verumst.

176 2541 206 2593 ot
229 2535 254 2592 si
277 2550 336 2592 non
359 2535 468 2610 poterit
491 2535 565 2593 ratio
588 2531 749 2592 dissolvere
773 2550 905 2611 causam,
1071 2553 1112 2595 coo

176 2639 230 2681 our
253 2639 287 2680 ea
310 2639 384 2698 quae
407 2621 518 2680 fuerint
541 2623 645 2680 iuxtim
669 2620 822 2701 quadrata,
845 2619 948 2699 procul
972 2623 1032 2681 sint

100 2724 156 2774 485
175 2711 237 2768 visa
260 2708 400 2788 rutunda,
422 2715 521 2769 tamen
543 2715 673 2787 praestat
694 2711 818 2769 rationis
842 2717 976 2786 egentem

102 2812 159 2863 501
175 2797 300 2857 reddere
323 2797 464 2857 mendose
487 2815 590 2858 causas
613 2799 768 2876 utriusque
792 2798 915 2876 figurae,

176 2903 263 2964 quam
285 2883 421 2944 manibus
443 2885 599 2946 manifesta
622 2887 683 2946 suis
708 2888 842 2945 emittere
867 2902 1014 2962 quoquam

175 2981 205 3033 et
227 2973 336 3033 violare
360 2973 448 3032 tidem
470 2976 596 3052 primam
620 2982 649 3034 et
672 2971 836 3034 convellere
859 2979 919 3031 tota
1074 2993 1112 3034 coc

175 3061 364 3122 fundamenta
387 3061 494 3139 quibus
517 3065 636 3123 nixatur
658 3063 717 3121 vita
739 3060 884 3138 salusque,

101 3166 156 3216 490
175 3168 234 3209 non
257 3150 343 3210 modo
367 3152 446 3209 enim
469 3152 543 3210 ratio
567 3157 632 3211 ruat
656 3152 764 3230 omnis,
788 3150 846 3208 vita
870 3166 986 3226 quoque
1011 3150 1074 3227 ipsa

101 3255 159 3305 506
176 3239 311 3299 concidat
334 3236 494 3318 extemplo,
517 3240 576 3298 nisi
599 3239 720 3299 credere
745 3235 881 3297 sensibus
904 3239 998 3317 ausis,

602 3345 620 3385 e

174 3417 403 3494 praecipitisque
426 3416 506 3475 locos
530 3417 622 3476 vitare
645 3423 675 3475 et
698 3421 796 3475 cetera
819 3431 893 3492 quae
917 3416 976 3474 sint

174 3506 205 3563 in
229 3521 337 3582 genere
360 3505 415 3564 boo
432 3504 590 3584 fugienda,
614 3506 701 3583 sequi
724 3505 873 3564 contraria
894 3520 971 3580 quae
992 3504 1121 3561 sinemus
