2430 3878
419 199 702 256 Pnonuoonnnr.
999 196 1064 252 XXI

56 348 187 406 carmine
218 347 390 425 imperfecto
427 363 444 405 a
476 346 586 426 Vergili
613 355 663 407 aut
685 346 787 408 Horati
813 346 956 424 elegantia
980 362 1062 404 rece·

55 434 131 494 dunt
143 465 187 478 -
200 436 233 494 in
251 435 425 513 imperfecto
444 435 523 516 dico,
549 453 607 514 quo
628 434 701 495 illud
719 437 808 495 etiam
827 436 966 513 pertinet,
984 431 1063 511 quod

56 538 92 581 ex
115 523 247 601 quinque
269 525 347 583 reris
371 522 554 583 soloecismis
578 530 715 602 quattuor
738 530 807 582 sunt
827 525 858 581 in
876 521 952 581 libro
972 526 1062 580 sexto.

144 609 206 670 Alia
217 610 336 671 Lucreti
351 610 535 689 neglegentia
550 629 610 671 uon
625 613 724 672 minus
738 610 774 670 ab
785 611 887 671 aetatis
898 610 1063 688 Augusteae

55 704 210 776 poetarum
245 698 389 777 elegantia
420 698 514 759 aliena
548 701 680 759 cernitur
711 701 743 758 in
774 697 955 758 anacoluthis
989 715 1062 774 qnae

56 786 166 847 dicunt.
208 804 304 865 neque
328 793 426 847 tamen
444 790 476 847 in
494 787 551 847 hoc
569 805 677 866 genere
697 789 794 846 omnia
813 786 936 846 eandem
954 784 1063 844 habent

55 873 290 953 explicationem.
331 882 399 936 ente
423 877 520 935 omnia
543 883 573 936 et
595 876 725 935 editores
747 876 888 935 carminis
907 874 943 932 de
962 891 1064 932 rerum

55 969 160 1022 natura
192 971 223 1023 et
253 965 433 1042 interpretes
465 965 634 1042 perspicere
662 962 808 1023 debebant
834 961 1004 1022 Lucretium
1032 963 1063 1019 in

55 1053 217 1111 enuntiatis
250 1052 456 1112 continuandis
487 1051 579 1112 multo
610 1053 733 1130 propius
760 1051 796 1110 ad
825 1050 1003 1122 Graecorum
1031 1050 1062 1108 in

56 1156 89 1198 ea
112 1157 146 1198 re
171 1138 338 1200 libertatem
360 1140 510 1220 accedere,
534 1158 620 1219 quam
641 1156 819 1218 quemquam
838 1138 928 1199 alium
946 1143 1062 1217 poetam

54 1224 229 1287 Romanum.
257 1234 358 1288 extant
375 1236 472 1289 autem
491 1246 551 1287 non
568 1246 661 1307 pauca
680 1227 758 1306 apud
772 1227 943 1287 Lucretium
957 1243 1061 1285 anaco-

54 1313 151 1394 lutha,
184 1333 310 1394 quorum
342 1315 397 1376 alia
429 1316 538 1376 frustra
570 1322 758 1375 tentaverunt
784 1315 914 1375 editores
942 1313 998 1373 alia
1024 1331 1061 1373 ne

55 1402 328 1464 animadverterunt
356 1404 483 1483 quidem.
531 1410 600 1463 sunt
625 1410 737 1485 autem,
764 1405 823 1462 nisi
850 1402 947 1483 lallor,
975 1401 1061 1462 haec:

54 1487 285 1571 nem-346,
309 1487 372 1552 347
396 1509 439 1570 sq.
456 1493 619 1570 praeterea
637 1507 734 1570 qenes
755 1487 927 1552 hermonum
948 1491 1062 1552 motae·

54 1596 112 1657 que
133 1580 277 1640 caterua
295 1575 578 1658 ...pervolitantes
596 1612 639 1622 -
657 1595 835 1658 quorum
856 1595 955 1640 cerro
973 1576 1062 1656 poid-

54 1664 101 1727 oio
119 1673 185 1747 etc,
204 1669 288 1727 cuius
309 1666 476 1727 anacoluthi
495 1667 677 1727 simillimum
690 1666 727 1726 lV
743 1664 806 1729 150
821 1685 884 1746 sqq.
903 1684 1060 1727 occurrere

54 1755 150 1815 rideri
180 1756 346 1815 rectissime
376 1755 450 1815 dicit
475 1754 646 1835 Goebelius,
678 1762 789 1834 quaest.
816 1755 932 1815 Lucret.
960 1773 987 1834 p.
1009 1750 1059 1814 10.

54 1850 181 1921 utroque
204 1841 269 1902 looo
291 1845 390 1922 possis
413 1843 512 1903 dicere
534 1844 564 1903 id
589 1852 698 1923 extare,
721 1843 798 1921 quod
818 1842 945 1903 Graecae
964 1860 1060 1920 gram-

54 1933 178 1991 maticae
198 1930 334 1991 doctores
353 1933 562 1992 nominativum
581 1929 747 1991 absolutum
765 1949 870 1991 vocare
888 1930 984 1990 solent
1001 1948 1061 1990 non

56 2025 145 2079 reete.
169 2025 216 2078 est
238 2027 336 2079 autem
353 2019 459 2080 horum
476 2020 609 2080 locorum
632 2019 704 2079 illud
723 2037 886 2099 commuue,
910 2018 988 2097 quod
1006 2036 1060 2096 pro

54 2108 207 2167 enuntiato
239 2107 467 2168 demonstrativo
497 2106 643 2167 subicitur
669 2107 836 2167 relativum:
873 2107 950 2184 quod
982 2106 1061 2166 idem

56 2194 155 2256 dicere
168 2197 266 2274 possis
281 2196 389 2255 lactum
402 2213 469 2256 esse
482 2195 522 2255 ΠΙ
538 2192 622 2257 1009
637 2228 682 2239 -
695 2197 724 2256 et
736 2191 812 2256 luces
825 2195 938 2272 egestas
952 2213 969 2251 a
985 2192 1062 2255 Tar·

55 2283 163 2344 mous.
179 2328 208 2343 ..
232 2285 333 2344 aestus
351 2316 394 2326 -
413 2283 597 2362 quieteque
618 2285 764 2344 sured...
789 2285 872 2342 cuius
893 2281 950 2341 loci
970 2281 1061 2341 simil-

55 2369 155 2432 limam
168 2370 258 2432 hahet
274 2373 418 2432 rationem
433 2374 484 2450 qui
497 2375 632 2450 proxime
647 2373 781 2448 sequitur
791 2365 1009 2432 1012-1016
1018 2388 1060 2448 sq.

55 2457 106 2521 sed
126 2459 227 2520 meros
247 2456 283 2520 r'rc
304 2457 371 2520 rite
381 2476 555 2538 poenorum
577 2506 584 2520 .
603 2506 609 2519 .
629 2505 636 2520 .
659 2461 703 2521 est
720 2505 748 2519 ..
768 2506 775 2519 .
798 2455 948 2536 designem
974 2454 1062 2520 scele-

55 2542 274 2626 risqueloella
295 2543 1063 2609 corceret...ioetus...verderotaedue—

57 2651 160 2714 quae
178 2635 281 2696 tomen
293 2633 350 2697 etsi
362 2632 480 2711 obsunt,
499 2637 533 2697 at
548 2652 634 2697 meres
648 2681 654 2695 .
670 2682 676 2696 .
692 2681 699 2696 .
718 2635 809 2696 voluit
826 2641 913 2714 poeta
931 2633 1062 2695 seribere

55 2719 234 2800 celeresque
250 2719 344 2785 duella
361 2723 466 2786 taedae
482 2770 577 2784 .....
596 2720 719 2785 etiamsi
736 2720 855 2803 moeret,
874 2722 925 2782 sed
945 2721 1062 2782 aberra·

55 2810 155 2872 riteh
179 2828 229 2891 eo,
257 2812 334 2890 quod
358 2811 488 2872 scrihere
511 2812 610 2873 voluit.
656 2819 688 2871 ut
711 2811 758 2871 his
781 2811 854 2871 locis
878 2809 950 2870 lalsa
974 2828 1061 2888 quae-

56 2897 121 2960 dam
144 2901 247 2959 nescio
270 2902 354 2960 cuius
376 2902 549 2960 nominativi
571 2899 698 2960 absoluti
719 2901 833 2978 species
852 2916 883 2959 se
903 2899 998 2978 offert,
1021 2900 1062 2959 ita

56 2989 215 3049 accusativi
242 2986 370 3048 absoluti
391 2987 418 3048 ll
442 2984 528 3049 1030
551 3007 612 3066 sqq.
638 2981 699 3070 (rell
721 2986 795 3049 odeo
818 3003 966 3066 magnum
990 2979 1061 3070 (est)

127 3073 212 3155 quod
232 3091 295 3137 rtore
313 3072 469 3155 paulatim
492 3074 618 3138 mittant
637 3073 784 3136 mirarier
806 3069 932 3158 omres).
971 3073 1063 3154 prere

56 3161 133 3244 oc'pe‘o
151 3159 230 3226 caeli
249 3161 445 3227 ...colorem
462 3182 597 3243 quaeque
614 3161 650 3226 iro
669 3180 701 3225 se
718 3160 832 3225 mordet
845 3161 1006 3225 ...sedero

56 3248 178 3315 circlis
197 3251 412 3315 ...reterens
435 3251 542 3314 omnio
563 3270 642 3330 quae
663 3269 746 3313 orec
766 3249 985 3313 si...erteret
1006 3258 1061 3312 eto.

43 3333 168 3423 ¹(reseret
185 3337 267 3417 OQ).
309 3340 357 3401 hic
379 3340 516 3400 Lucretio
540 3341 619 3400 idem
643 3340 749 3400 accidit
772 3340 850 3418 quod
873 3339 1062 3417 Xenophonti

56 3428 83 3489 in
106 3427 306 3507 Cyropaediae
331 3447 354 3488 c.
374 3426 393 3487 2
417 3446 478 3506 par.
499 3424 550 3508 15,
573 3446 641 3488 cum
665 3430 785 3506 scripsit
808 3426 886 3499 τοὺς
901 3422 1063 3506 Ἕλληνας

127 3511 229 3578 οὐδέν
250 3533 316 3578 που
340 3508 442 3597 σαφὲς
465 3511 593 3597 λέγεται
616 3514 647 3579 el
668 3510 820 3580 ἕπονται,
859 3514 947 3576 aliter
966 3533 1024 3574 res
1038 3532 1079 3572 se
