2430 3878
582 202 621 257 IV
1045 202 1111 267 105

102 365 158 418 326
171 355 201 410 et
223 348 335 409 feriunt
358 348 472 429 oculos,
494 348 643 410 turbantia
666 353 888 428 composituros.

171 445 325 517 praeterea
348 437 487 515 splendor
511 439 719 516 quicumquest
742 457 809 499 acer
832 439 929 498 adurit

172 544 259 605 saepe
284 525 384 586 oculos
408 525 474 585 ideo
498 526 576 604 quod
599 529 712 587 semina
735 526 867 606 possidet
889 529 966 605 ignis
1069 547 1108 588 ooo

173 613 276 694 multa,
299 614 431 674 dolorem
455 613 547 673 oculis
571 632 645 692 quae
669 616 791 693 gignunt
814 615 998 675 insinuando.

99 718 153 769 316
172 701 268 762 lurida
290 709 443 781 praetcrea
466 703 541 762 fiunt
564 720 765 782 quaecumque
791 710 912 764 tuentur

99 793 300 871 331arquati,
324 792 392 869 quia
415 789 523 850 luroris
547 790 583 850 de
607 809 730 870 corpore
754 810 857 852 eorum

174 881 285 939 semina
307 878 400 938 multa
421 879 518 939 fluunt
540 879 706 939 simulacris
730 879 813 940 obvia
836 897 949 959 rerum,

173 966 323 1045 multaque
347 972 416 1027 sunt
439 966 531 1027 oculis
554 969 585 1026 in
609 985 711 1028 eorum
735 968 862 1046 denique
885 970 988 1048 mixta,
1069 989 1109 1028 uo

175 1073 248 1134 quae
270 1062 392 1134 contage
416 1073 469 1115 sua
490 1053 651 1134 palloribus
675 1058 772 1115 omnia
795 1059 927 1134 pingunt.

100 1159 156 1209 320
175 1162 190 1203 e
213 1143 344 1204 tenebris
369 1150 467 1203 autem
490 1161 565 1220 quae
589 1146 710 1203 suntin
735 1143 798 1204 luce
822 1151 939 1204 tuemur

100 1246 159 1298 336
172 1239 328 1311 propterea
351 1234 432 1312 quia,
456 1250 523 1291 cum
546 1234 667 1311 propior
690 1231 823 1310 caliginis
847 1237 897 1292 aer

174 1328 237 1394 ater
258 1322 315 1379 init
338 1318 438 1380 oculos
460 1322 542 1398 prior
565 1326 595 1379 et
617 1319 749 1399 possedit
771 1327 901 1400 apertos,

173 1410 341 1486 insequitur
363 1407 492 1468 caudens
517 1408 672 1468 confestim
694 1407 810 1468 lucidus
833 1413 897 1488 aer,
1069 1428 1108 1470 ³15

175 1499 226 1575 qui
248 1498 334 1575 quasi
355 1503 461 1574 purgat
484 1514 534 1556 eos
558 1515 591 1556 ac
614 1499 713 1575 nigras
737 1496 857 1557 discutit
879 1495 998 1556 umbras

102 1600 155 1650 325
175 1587 252 1644 aeris
275 1583 367 1645 illius:
391 1603 458 1644 nam
480 1584 581 1645 multis
604 1584 736 1687 partibus
759 1584 808 1644 hic
831 1591 877 1644 est

102 1688 169 1771 341
170 1673 311 1733 mobilior
333 1672 491 1751 multisque
515 1674 610 1733 minut
611 1675 656 1733 ior
679 1680 709 1734 et
727 1690 809 1751 mage
828 1672 949 1751 pollens

88 1788 121 1837 s
134 1728 226 1840 qui
249 1760 337 1821 simul
360 1768 447 1839 atque
470 1763 531 1821 vias
555 1762 708 1822 oculorum
730 1761 795 1822 luce
819 1760 943 1838 replevit

54 1838 87 1895 s
174 1858 261 1928 atque
284 1849 435 1929 patefecit,
459 1868 531 1928 quas
554 1857 620 1910 ante
645 1849 800 1910 obsederat
823 1866 873 1909 aer
1070 1871 1113 1910 oso

175 1945 250 2018 ater,
273 1940 412 1997 continuo
434 1955 534 1997 rerum
558 1937 713 1998 simulacra
737 1944 890 2017 secuntur,

104 2041 156 2090 330
176 2044 249 2104 quae
273 2027 328 2085 sita
352 2033 421 2086 sunt
443 2027 475 2084 in
497 2025 575 2106 luce,
599 2026 805 2104 lacessuntque
827 2031 861 2084 ut
882 2024 1041 2085 videamus.

103 2128 159 2180 316
175 2113 253 2192 quod
276 2121 378 2173 contra
401 2115 497 2173 facere
521 2113 705 2174 intenebris
730 2133 745 2173 e
769 2113 834 2173 luce
858 2115 1015 2191 nequimus
1070 2136 1108 2174 ees

174 2208 330 2281 propterea
354 2205 422 2280 quia
444 2204 591 2280 posterior
614 2201 746 2280 caliginis
770 2206 821 2261 aer

175 2292 303 2351 crassior
325 2292 505 2371 insequitur,
527 2292 579 2369 qui
601 2297 706 2351 cuncta
729 2290 871 2350 foramina
894 2288 1021 2367 complet
1070 2309 1111 2350 aso

176 2378 343 2457 obsiditque
366 2380 427 2438 vias
452 2378 617 2460 oculorum,
639 2398 676 2439 ne
700 2379 855 2441 simulacra

104 2483 156 2533 335
174 2468 290 2548 possint
311 2466 436 2528 ullarum
459 2485 558 2529 rerum
581 2470 713 2529 coniecta
736 2488 862 2530 movere.

95 2547 388 2639 ¹351quadratasque
411 2559 515 2640 procul
536 2559 628 2620 turris
651 2577 719 2619 cum
743 2561 890 2620 cernimus
913 2559 1010 2641 urbis,

175 2656 332 2728 propterea
354 2649 387 2708 fit
409 2651 453 2708 uti
474 2649 629 2709 videantur
652 2666 739 2727 saepe
762 2647 920 2727 rutundae,

175 2736 299 2816 angulus
322 2744 444 2815 optusus
467 2739 535 2816 qnia
556 2737 643 2816 longe
666 2739 797 2797 cernitur
820 2739 928 2815 omnis,
1070 2755 1110 2797 ms

63 2889 72 2902 ,N
175 2827 238 2885 sive
261 2826 349 2885 etiam
372 2826 472 2904 potius
495 2844 553 2885 non
576 2828 708 2886 cernitur
731 2843 764 2884 ac
786 2826 864 2902 perit
887 2826 951 2883 eius

104 2928 156 2978 340
174 2913 259 2993 plaga
282 2932 337 2974 nec
361 2913 397 2973 ad
419 2920 535 2974 nostras
558 2915 636 2973 acies
660 2912 822 2991 perlabitur
844 2914 934 2992 ictuS,

103 3017 159 3069 356
173 3007 242 3063 aira
263 3021 317 3081 per
339 3001 465 3062 multum
488 3004 556 3080 quia
579 3001 649 3061 dum
672 3000 828 3060 simulacra
850 3000 998 3079 feruntur,

176 3093 254 3170 cogit
276 3090 436 3151 hebescere
460 3108 526 3149 eum
550 3089 663 3150 crebris
687 3087 847 3148 offensibus
870 3092 928 3147 aer.

75 3186 77 3190 '
174 3179 230 3239 boc
253 3178 305 3239 ubi
328 3180 448 3256 suffugit
471 3195 591 3238 sensum
614 3177 702 3238 simul
725 3175 849 3255 angulus
873 3177 982 3254 omnis,
1071 3197 1112 3237 sco

175 3269 208 3327 fit
232 3269 316 3345 quasi
338 3275 372 3327 ut
394 3266 429 3326 ad
452 3272 571 3327 tornum
594 3284 731 3326 saxorum
755 3270 866 3325 structa
889 3270 1019 3323 tuamur:

103 3372 156 3423 346
175 3374 235 3415 non
257 3363 356 3416 tamen
378 3363 412 3415 ut
434 3372 532 3414 coram
556 3373 629 3434 quae
654 3361 723 3414 suut
745 3371 872 3431 vereque
895 3353 1035 3432 rutunda,

103 3459 159 3512 361
174 3444 226 3504 sed
250 3447 334 3522 quasi
357 3442 552 3503 adumbratim
575 3443 694 3521 paulum
717 3441 852 3502 simulata
875 3441 1019 3501 videntur.
1037 3437 1049 3519 ll

174 3532 278 3593 umbra
302 3532 418 3593 videtur
440 3534 512 3593 item
535 3531 623 3594 nobis
645 3533 680 3592 iu
700 3530 906 3593 solemniori
