2430 3878
97 178 162 243 154
583 176 609 232 V

166 332 247 386 muta
270 327 335 385 sine
358 343 409 385 ore
434 327 536 406 etiam,
559 327 623 386 sine
646 324 726 386 voltu
749 342 836 385 88888
858 332 989 406 reperta,

166 416 321 492 vinetaque
345 412 544 474 membrorum
567 431 621 493 per
642 421 738 474 totum
761 431 869 493 eorpus
891 413 1033 494 adbaesu,

98 518 149 567 830
167 519 223 562 nee
245 502 342 562 lacere
364 509 398 562 ut
419 508 542 581 possent
564 503 720 581 quicquam
743 519 799 562 neo
822 501 927 562 eadere
951 519 1093 581 quoquam

97 598 222 650 841888
244 592 337 650 vitare
360 589 469 650 malum
492 607 547 651 nee
570 607 687 650 sumere
711 590 789 669 quod
813 590 889 650 foret
911 608 992 650 usus.

168 685 266 739 cetera
289 678 325 739 de
348 695 456 757 genere
479 677 535 739 boo
557 684 689 738 monstra
711 696 747 738 ae
763 684 899 758 portenta
918 677 1094 760 creabatur

167 769 360 846 nequiquam,
383 769 521 844 quoniam
543 773 648 826 natura
670 766 831 828 absterruit
852 773 984 847 anetum,

167 874 223 916 neo
246 862 369 934 potuere
392 856 524 934 cupitum
547 857 652 915 aetatis
673 861 794 933 tangere
816 854 920 915 liorem

99 961 149 1010 888
168 962 223 1004 neo
246 944 385 1022 reperire
401 942 499 1003 eibum
521 961 577 1003 neo
599 944 682 1022 iungi
703 941 903 1022 perveneris
925 960 983 1005 ras.
1091 992 1094 997 Α

98 1039 154 1091 848
169 1031 262 1092 multa
284 1031 416 1092 videmus
440 1033 520 1092 enim
542 1029 632 1092 rebus
655 1048 833 1092 concurrere
856 1031 978 1113 dobere,

167 1126 201 1181 ut
223 1119 410 1199 propagando
432 1121 548 1199 possint
569 1119 733 1198 procudere
756 1118 865 1200 saeela3
1059 1142 1099 1183 888

168 1207 274 1288 pabula
296 1210 424 1287 primum
447 1214 481 1268 ut
504 1209 576 1288 sint,
598 1207 735 1285 genitalia
758 1207 864 1268 deinde
887 1224 941 1286 per
964 1215 1046 1270 artus

170 1299 281 1357 semina
319 1315 376 1374 qua
401 1298 517 1376 possint
551 1294 691 1356 membris
713 1313 833 1356 manare
855 1298 994 1378 remissa,

99 1403 151 1452 848
169 1385 338 1463 seminaque
359 1391 394 1444 ut
414 1383 545 1444 maribus
568 1386 707 1462 coniungi
728 1387 822 1462 possit
844 1401 944 1466 avere,

99 1479 153 1531 881
169 1480 270 1534 mutua
294 1473 346 1551 qui
367 1479 482 1532 mutent
504 1475 583 1532 inter
605 1489 637 1532 se
660 1472 765 1550 gaudia
786 1479 921 1551 uterque.

213 1555 1102 1643 llMultaquetuminteriisseanimantumsaeclaneoessestaaa

169 1667 225 1709 nee
246 1650 378 1728 potuisse
400 1648 588 1727 propagando
609 1649 772 1727 proaedere
794 1648 916 1728 prolem.

169 1754 237 1796 nam
260 1753 461 1814 quaecumque
483 1736 567 1797 vides
586 1739 667 1797 vesei
688 1737 823 1798 vitalibus
845 1739 940 1820 auris,

99 1843 152 1891 845
170 1832 221 1885 aut
243 1824 327 1884 dolus
350 1832 400 1884 aut
421 1827 515 1884 virtus
537 1832 587 1885 aut
609 1824 736 1904 denique
758 1824 906 1886 mobilitas
929 1833 975 1886 est

99 1920 154 1971 858
168 1931 203 1974 ex
228 1914 348 1973 ineunte
370 1930 440 1972 aevo
463 1930 557 1991 genus
579 1912 609 1973 id
630 1919 723 1974 tutata
745 1931 912 1974 reservans:

170 2001 320 2080 multaque
342 2008 424 2082 sunt,
446 2000 532 2061 nobis
555 2019 591 2061 ex
614 2001 741 2061 utilitate
763 2019 815 2062 sua
838 2019 913 2080 quae
1060 2026 1103 2068 aso

170 2089 371 2151 oommendata
393 2096 525 2170 manent,
547 2089 656 2150 tutelae
678 2089 785 2150 tradita
807 2096 934 2150 nostrae.

169 2180 316 2258 principio
339 2195 431 2256 genus
454 2195 521 2238 aere
543 2176 662 2238 leonum
685 2195 827 2257 saevaque
851 2177 947 2239 888818

100 2286 151 2335 888
170 2273 290 2327 tutatast
311 2268 419 2347 virtus,
441 2265 541 2346 volpes
564 2265 661 2346 dolus,
685 2271 715 2326 et
736 2265 805 2344 fuga
827 2283 937 2327 cervos.

100 2364 153 2415 861
170 2361 199 2415 at
220 2354 380 2415 levisomna
403 2372 508 2415 canum
531 2354 589 2414 lido
612 2372 679 2414 cum
700 2361 819 2433 peotore
843 2355 945 2436 eorda,

170 2449 200 2502 et
223 2460 315 2520 genus
338 2460 424 2502 omne
448 2442 525 2521 qnod
549 2449 595 2503 est
616 2445 750 2503 veterino
772 2445 883 2503 semine
906 2450 1037 2525 partum,
1061 2465 1103 2508 aea

170 2529 376 2609 lanigeraeque
399 2530 487 2590 simul
509 2530 638 2609 pecudes
661 2538 690 2591 et
712 2529 820 2591 bucera
846 2531 940 2592 saeola

171 2620 268 2678 omnia
292 2625 360 2678 sunt
381 2618 533 2679 bominum
555 2617 664 2679 tutelae
686 2618 805 2700 tradita,
827 2619 960 2680 Memmi:

101 2723 152 2776 888
170 2724 238 2766 nam
261 2705 366 2784 eupide
389 2706 490 2785 lugere
512 2707 603 2787 feras,
625 2725 786 2786 panemque
809 2714 909 2771 seouta

100 2804 157 2854 888
172 2801 240 2855 sunt
263 2800 292 2854 et
314 2793 393 2873 larga
416 2813 471 2855 suo
494 2797 558 2855 sine
580 2794 686 2874 pabula
708 2802 792 2874 parta
813 2793 927 2877 labore,
1020 2834 1023 2839 -

171 2901 245 2962 quae
268 2882 371 2943 damus
394 2882 528 2943 utilitatis
552 2901 658 2944 eorum
676 2885 806 2962 praemia
829 2901 924 2944 eausa.
1062 2906 1103 2947 avo

171 2979 200 3032 at
223 2972 289 3050 quis
312 2970 354 3030 nil
376 2971 481 3032 horum
503 2970 608 3032 tribuit
630 2978 748 3051 natura,
770 2988 825 3032 neo
848 2974 913 3051 ipsa

171 3067 274 3139 sponte
298 3078 351 3120 sua
373 3067 495 3139 possent
516 3065 550 3120 ut
571 3061 669 3120 vivere
691 3077 747 3120 nee
770 3059 840 3120 dare
863 3059 950 3120 nobis

101 3165 152 3215 888
171 3148 328 3209 utilitatem
351 3147 492 3228 aliquam,
514 3165 605 3226 quare
627 3154 796 3227 pateromm·
818 3165 920 3209 eorum

100 3245 153 3296 871
170 3235 318 3315 praesidio
341 3244 442 3296 nostro
465 3238 547 3314 pasci
570 3253 662 3313 genus
685 3253 810 3315 esseque
832 3243 942 3316 tutum,

171 3323 297 3404 scilieet,
319 3323 392 3384 haee
415 3323 480 3384 aliis
503 3323 628 3402 praedae
650 3323 792 3402 lucroque
814 3324 950 3385 iacebant
1062 3343 1101 3386 ovo

169 3411 340 3490 indupedita
364 3413 425 3472 suis
449 3411 586 3472 fatalibus
608 3415 706 3473 omnia
727 3411 846 3494 vinclis,

163 3499 260 3562 donee
282 3499 320 3562 ad
343 3502 501 3563 interitum
523 3517 617 3580 genus
636 3500 671 3561 id
689 3497 968 3576 881818881881811
