2430 3878
99 201 121 268 s
551 201 608 257 ·1
685 236 720 286 -,

4 351 5 354 ’
75 380 82 388 -
122 416 128 422 ,
172 341 297 431 discidio
320 348 500 419 redeuntia
523 367 646 429 corpora
667 351 810 411 materiai.

85 442 322 519 ¹250'postremo
344 443 473 516 percunt
493 437 618 520 imbres,
640 438 693 500 ubi
714 456 766 499 eos
787 429 872 517 pater
894 437 997 499 aether
1071 450 1115 493 noo

102 533 157 585 245·
172 530 205 587 in
227 527 373 606 gremium
395 527 499 586 matris
521 529 613 587 terrai
634 527 850 607 praecipitavit:

173 622 203 676 at
225 614 335 676 nitidae
359 621 484 692 surgunt
506 615 619 696 fruges,
641 617 774 694 ramique
796 615 949 675 virescunt

173 702 343 783 arboribus,
366 709 504 763 crescunt
525 705 607 782 ipsae
631 703 749 781 fetuque
769 708 939 784 gravantur3

172 793 242 852 binc
265 790 353 852 alitur
374 808 464 869 por-ro
487 799 622 852 nostrum
644 808 737 869 genus
760 798 847 870 atque
870 790 1013 872 ferarum3

102 887 161 942 255
173 880 243 941 hinc
264 879 356 940 laetas
379 877 468 940 urbes
493 881 596 958 pueris
618 879 725 940 florere
748 879 896 960 videmus,

104 975 156 1027 2⁶0
175 968 410 1046 frondiferasque
433 970 517 1028 novis
540 967 642 1031 avibus
665 986 771 1029 canere
793 968 925 1047 undique
948 966 1051 1049 silaas3
1071 979 1116 1022 sss

174 1057 244 1118 binc
267 1057 362 1117 fessae
384 1055 514 1135 pecudes
537 1058 640 1136 pingui
661 1074 716 1136 per
737 1055 849 1135 pabula
865 1055 941 1116 laeta

171 1163 299 1225 corpora
321 1144 486 1226 deponunt,
509 1152 539 1206 ct
561 1145 690 1207 candens
712 1144 823 1206 lacteus
845 1161 933 1205 umor

174 1232 318 1294 uberibus
339 1240 439 1294 manat
461 1233 611 1316 distentis5
633 1234 703 1294 hinc
725 1251 800 1295 nova
821 1231 921 1312 proles

40 1352 41 1357 κ
104 1330 163 1383 260
177 1321 299 1382 artubus
322 1322 457 1388 infirmis
471 1329 589 1383 teneras
611 1321 719 1382 lasciva
740 1339 795 1400 per
816 1320 923 1381 herbas
1073 1334 1118 1376 aco

106 1418 158 1467 255
176 1409 252 1471 ludit
273 1409 348 1469 lacte
370 1427 453 1470 mero
475 1417 590 1471 mentes
613 1409 749 1489 perculsa
770 1409 907 1470 novellas.
1027 1467 1028 1470 ,

176 1497 254 1558 haud
276 1499 368 1576 igitur
390 1499 508 1575 penitus
531 1506 658 1577 percunt
679 1516 881 1578 quaecumque
905 1497 1058 1578 ridentur,
1124 1572 1132 1586 .

178 1585 303 1664 quando
317 1584 375 1645 alid
399 1604 434 1646 ex
458 1585 515 1646 alio
538 1587 634 1647 refacit
656 1595 761 1648 natura
781 1605 839 1647 nec
861 1585 951 1646 ubam

177 1693 241 1734 rem
264 1675 346 1752 gtgni
367 1676 478 1752 patitur
500 1676 559 1734 nisi
581 1681 676 1735 morte
699 1675 798 1736 adiuta
820 1674 922 1735 aliena.

107 1770 165 1824 265
222 1761 308 1822 Nunc
330 1779 396 1842 age,
419 1780 468 1822 res
491 1765 629 1841 quoniam
652 1762 739 1824 docui
761 1781 820 1823 non
842 1780 930 1842 posse
953 1764 1052 1824 creari
1074 1774 1120 1818 aco

108 1858 160 1908 260
178 1850 215 1911 de
237 1849 298 1911 nilo
321 1868 417 1928 neque
439 1853 512 1911 item
534 1853 648 1930 genitas
671 1852 706 1912 ad
729 1851 772 1912 nil
794 1853 941 1932 revocari,

178 1957 216 1999 ne
240 1956 298 2017 qua
320 1937 395 1998 forte
418 1946 516 2000 tamen
539 1946 658 2018 coeptes
681 1939 815 2000 diffidere
838 1939 938 2019 dictis,

180 2026 258 2106 quod
280 2033 432 2105 nequeunt
455 2026 549 2089 oculis
571 2046 672 2089 rerum
694 2026 856 2108 primordia
878 2028 974 2109 cerni,

180 2117 280 2194 accipe
301 2121 456 2194 praeterea
478 2135 552 2195 quae
576 2134 699 2195 corpora
722 2123 785 2178 tute
808 2121 960 2177 necessest

109 2210 166 2264 270
180 2204 338 2264 confiteare
361 2221 427 2265 esse
449 2206 481 2265 in
504 2205 593 2266 rebus
617 2223 671 2265 nec
693 2223 781 2285 posse
803 2204 906 2265 videri.
1075 2219 1120 2259 ato

109 2295 161 2348 265
179 2292 326 2371 principio
349 2295 430 2353 venti
451 2295 496 2354 ris
518 2292 655 2354 verberat
676 2295 766 2354 incita
789 2310 896 2372 corpus

180 2381 367 2458 ingentisque
390 2383 451 2443 ruit
472 2384 555 2443 navis
579 2389 609 2443 et
630 2381 731 2442 nubila
754 2382 865 2462 differt3

181 2466 331 2527 interdum
354 2469 456 2546 rapido
479 2488 657 2549 percurrens
679 2469 798 2531 turbine
821 2487 940 2548 campos

182 2553 336 2615 arboribus
359 2560 472 2635 magnis
495 2560 601 2619 sternit
623 2561 791 2638 montisque
815 2575 969 2637 supremos

108 2649 165 2704 2⁷6
181 2642 338 2721 silvifragis
360 2652 446 2705 vexat
467 2645 581 2707 flabris:
603 2648 644 2707 ita
666 2647 794 2726 perfurit
815 2648 877 2707 acri
1075 2658 1118 2700 2⁷⁶

111 2738 163 2788 270
182 2749 249 2792 cum
272 2731 392 2792 fremitu
414 2736 564 2813 saevitque
586 2736 696 2796 minaci
718 2752 870 2796 murmuro
892 2741 1007 2795 ventus.

182 2826 251 2881 sunt
273 2821 364 2898 igitur
385 2824 478 2904 venti,
500 2825 655 2905 nimirum,
678 2841 801 2903 corpora
823 2840 924 2903 caeca,

182 2927 256 2988 quae
278 2926 373 2991 mare,
397 2929 470 2988 quae
493 2918 602 2993 terras,
626 2931 700 2992 quae
721 2912 850 2991 denique
873 2910 974 2971 nubila
995 2909 1072 2972 caeli

182 3004 304 3058 verrunt
326 3016 360 3058 ac
383 2999 480 3059 subito
503 3002 637 3062 vexantia
659 3000 777 3063 turbine
798 3005 929 3079 raptant,

111 3092 170 3145 280
183 3103 239 3145 nec
261 3088 374 3147 ratione
397 3087 493 3150 fluunt
515 3089 571 3150 alia
593 3096 780 3168 stragemque
803 3094 978 3169 propagant,
1077 3099 1120 3142 28⁰

113 3181 165 3230 275
185 3180 215 3233 et
237 3191 304 3233 cum
326 3175 423 3236 mollis
447 3196 538 3256 aquae
561 3178 656 3238 fertur
678 3185 783 3239 natura
805 3183 928 3256 repente

182 3261 304 3322 flumine
327 3264 500 3346 abrmdanti,
523 3284 612 3345 quom
634 3265 724 3346 largis
747 3264 892 3325 imbribus
915 3269 1002 3343 urget

182 3349 332 3412 montibus
356 3372 392 3413 ex
415 3353 481 3415 altis
504 3373 627 3433 magnus
650 3354 792 3416 decursus
816 3355 916 3433 aquai,

183 3441 326 3518 fragmina
349 3443 498 3504 coniciens
521 3442 661 3504 silvarum
683 3441 860 3520 arbustaque
883 3447 958 3522 tota,

100 3535 233 3590 mnae
258 3529 345 3591 rafidi
363 3539 495 3612 possunt
516 3538 623 3614 pontes
644 3533 791 3593 venientis
813 3531 902 3610 aquai
1079 3539 1122 3583 Μ
