2430 3878
771 108 787 146 e

634 182 674 237 VI

163 347 215 398 919
234 332 405 410 spurcities,
429 329 532 391 eadem
555 328 647 391 subus
669 329 743 390 haec
765 328 894 390 iucunda
916 328 1050 410 videtur,

233 417 441 480 insatiabiliter
462 420 518 478 toti
539 425 573 479 ut
594 417 748 479 volvantur
770 416 888 478 ibidem

278 506 340 568 Hoc
363 509 451 567 etiam
475 513 624 586 superest,
648 509 713 585 ipsa
735 523 824 585 quam
847 504 946 566 dicere
969 505 1007 566 de
1031 524 1065 567 19

163 603 220 655 999
234 595 390 674 adgredior
413 593 491 673 quod
514 593 672 655 dicendum
694 596 778 674 prius
802 611 868 654 esse
891 593 1017 654 videtur.
1120 618 1159 658 eso

234 683 326 745 multa
348 683 492 743 foramina
514 700 582 743 cum
605 685 694 743 variis
718 684 778 742 sint
800 681 915 742 reddita
938 681 1044 763 rebus,

164 787 216 840 919
235 770 373 833 dissimili
395 773 474 831 inter
496 788 528 831 se
551 777 657 831 natura
678 770 812 849 praedita
834 767 943 830 debent

235 878 301 922 esse
324 866 354 920 et
376 858 484 919 habere
508 877 591 920 suam
614 866 749 921 naturam
772 875 905 937 quaeque
928 860 1059 937 viasque.

236 951 345 1028 quippe
369 949 480 1008 etenim
501 950 576 1007 varii
598 965 704 1008 sensus
727 945 925 1007 animantibus
948 948 1066 1028 insunt,

163 1043 220 1096 985
233 1054 359 1117 quorum
384 1038 509 1115 quisque
533 1053 616 1096 suam
638 1037 758 1115 proprie
777 1052 841 1094 rem
858 1037 986 1114 percipit
1005 1037 1038 1096 in
1056 1053 1155 1098 991999

234 1142 303 1186 nam
325 1131 480 1203 penetrare
504 1123 560 1184 alio
585 1126 699 1184 sonitus
722 1122 837 1201 alioque
862 1140 998 1202 saporem

165 1229 217 1281 980
235 1215 384 1274 cernimus
408 1229 424 1272 e
448 1214 541 1293 sucis,
564 1211 620 1272 alio
643 1211 756 1273 nidoris
780 1210 894 1272 odores.
1117 1235 1153 1275 ear

234 1308 388 1381 praeterea
410 1318 529 1361 manare
553 1299 631 1362 aliud
653 1319 708 1380 per
731 1318 800 1360 sara
822 1299 953 1380 videtur,
1117 1324 1152 1364 991

236 1397 323 1468 atque
347 1387 425 1449 aliud
448 1387 549 1468 lignis,
573 1387 652 1450 aliud
675 1390 801 1449 transire
823 1404 879 1467 per
901 1406 1020 1469 aurum,
1052 1386 1054 1390 ’

165 1486 221 1538 990
235 1484 414 1556 argentoque
437 1477 516 1536 loras
540 1475 619 1537 aliud
643 1479 776 1557 vitroque
799 1493 911 1536 meare:

236 1582 304 1626 nam
326 1565 419 1625 fluere
441 1562 497 1623 hac
520 1567 647 1645 species,
670 1564 737 1625 illac
760 1562 840 1624 calor
862 1565 907 1624 ire
929 1564 1062 1646 ridetur,

166 1669 218 1720 989
237 1660 324 1755 atqqe
347 1651 413 1712 aliis
436 1649 515 1711 aliud
539 1653 626 1713 eitius
649 1655 850 1713 transmittere
874 1651 985 1713 eadem.
1116 1676 1151 1716 991

237 1739 363 1820 scilicet,
385 1739 417 1799 id
440 1739 506 1798 fieri
529 1743 607 1819 cogit
629 1748 734 1801 natura
756 1743 870 1800 viarum

236 1827 418 1890 multimodis
440 1829 570 1908 varians,
591 1834 626 1889 ut
646 1828 733 1909 paulo
757 1827 940 1892 ostendimus
963 1835 1045 1911 ante,
1115 1851 1151 1892 aar

165 1923 221 1978 996
235 1923 358 1996 propter
380 1914 555 1976 dissimilem
577 1923 712 1978 naturam
734 1923 871 1996 textaque
894 1933 1005 1977 rerum.
1115 1940 1151 1981 eso

280 2004 473 2084 Quapropter,
487 2003 564 2064 bene
577 2005 630 2065 ubi
642 2005 714 2066 haec
728 2005 899 2066 confirmata
910 2012 999 2083 atque
1009 2005 1104 2066 locata
1115 2028 1152 2068 asa

166 2109 218 2160 990
237 2096 335 2153 omnia
358 2094 546 2153 constiterint
567 2093 653 2153 nobis
675 2100 831 2172 praeposta
853 2100 967 2174 parata,

236 2181 315 2262 quod
334 2188 478 2261 superest,
496 2181 581 2242 lacile
599 2181 668 2241 hinc
686 2184 761 2242 ratio
779 2181 929 2261 reddetur,
948 2193 978 2241 et
993 2184 1090 2242 omnis
1104 2204 1153 2244 roeo

237 2288 325 2331 causa
346 2270 479 2350 patefiet,
502 2288 576 2349 quae
600 2269 672 2329 ferri
694 2268 824 2348 pelliciat
845 2271 913 2329 vim

150 2367 222 2418 1999
236 2360 383 2437 principio
406 2358 499 2418 fluere
522 2375 539 2418 9
561 2356 658 2436 lapide
680 2357 737 2418 hoc
759 2356 905 2437 permulta
926 2366 1082 2419 necessest

238 2448 363 2525 semina,
387 2447 447 2506 sive
471 2451 597 2527 aestum,
620 2448 672 2524 qui
695 2445 817 2506 discutit
839 2449 907 2506 9919
928 2444 1038 2527 plagis,

166 2536 316 2600 99911191
339 2535 391 2610 qui
412 2532 539 2611 lapidem
563 2534 763 2613 ferrumquest
785 2552 910 2612 cumque
933 2533 1056 2595 locatus

236 2620 292 2681 hoc
315 2619 368 2680 ubi
390 2622 521 2680 inanitur
543 2624 671 2700 spatium
692 2621 862 2701 multusque
885 2623 990 2682 vacelit
1104 2645 1154 2686 roos

237 2711 269 2768 in
291 2707 388 2769 medio
411 2707 507 2788 locus,
530 2709 676 2788 extemplo
698 2709 860 2790 primordia
884 2710 957 2771 ferri

148 2805 222 2857 1005
235 2799 267 2857 in
290 2814 413 2857 vacuum
436 2795 572 2875 prolapsa
595 2798 703 2858 cadunt
725 2800 895 2879 coniuncta,
917 2799 951 2859 iit
973 2806 1066 2878 utque

238 2884 342 2945 anulus
364 2887 428 2963 ipse
453 2892 593 2963 sequatur
615 2892 720 2964 eatque
744 2889 785 2947 ita
808 2905 930 2965 corpore
954 2893 1027 2948 toto.

150 2988 218 3040 1000
236 2990 292 3033 nec
314 2990 363 3034 res
386 2972 444 3033 ulla
467 2976 561 3052 magis
583 2973 763 3052 primoribus
776 2991 824 3051 199
846 2974 1002 3036 elementis

236 3060 409 3140 indupedita
432 3063 494 3122 suis
517 3068 579 3121 arte
603 3080 714 3123 conexa
737 3062 875 3124 cohaeret
1105 3088 1158 3128 1919

238 3167 325 3228 quam
342 3148 432 3209 validi
454 3149 527 3209 lerri
549 3157 653 3211 natura
675 3158 706 3211 91
728 3151 853 3230 frigidus
875 3150 991 3212 horror.

148 3245 221 3296 1919
238 3255 295 3316 quo
317 3239 416 3297 minus
439 3246 485 3298 est
506 3239 628 3319 mirum,
652 3238 730 3317 quod
754 3239 872 3300 ducitur
894 3257 931 3300 ex
954 3239 1124 3322 elementis,

237 3343 361 3405 corpora
384 3327 410 3385 si
431 3332 583 3404 nequeunt
605 3344 622 3386 9
645 3326 724 3386 19119
747 3326 832 3406 plura
854 3334 955 3388 coorta

149 3429 218 3481 1005
236 3416 268 3475 iu
290 3431 415 3474 vacuum
438 3414 523 3493 ferri,
547 3416 619 3492 quin
642 3414 747 3476 anulus
771 3417 835 3494 ipse
859 3424 1013 3499 sequatur3

476 3499 555 3583 [988
574 3501 689 3583 sql=
704 3500 767 3565 993
788 3521 830 3582 sq.
