2430 3878
108 119 153 182 44
595 115 623 171 11

181 283 247 326 esse
270 283 366 344 neque
390 267 509 325 omnino
532 263 618 325 flexis
640 263 831 325 mucronibus
854 282 945 344 unca,

181 354 233 414 sed
256 356 349 431 magis
373 353 495 432 angellis
517 353 637 432 paulum
659 351 875 432 prestantibus,
898 353 986 431 utqui

180 441 299 502 titillare
323 444 415 520 magis
440 460 545 502 sensus
569 460 657 520 quam
680 440 795 502 laedere
818 442 949 521 possint3

110 529 277 590 tentacula
299 532 358 590 iam
381 547 439 608 quo
462 529 500 590 de
523 537 660 608 generest
682 529 838 608 inulaeque
862 546 996 607 sapores.

183 619 310 697 denique
333 621 392 677 iam
415 617 525 678 calidos
548 621 625 696 ignis
648 617 832 698 gelidamque
855 619 998 697 pruinam

184 706 322 767 dissimili
344 706 461 766 dentata
483 707 570 767 modo
594 724 781 784 conpungere
805 723 911 767 sensus

183 797 316 874 corporis
338 795 448 854 indicio
471 794 558 854 nobis
580 801 626 855 est
648 801 743 855 tactus
766 800 900 873 uterque.

184 890 280 944 tactus
304 885 396 963 enim,
419 890 527 963 tactus,
550 902 618 964 pro,
642 883 741 944 divum
759 885 880 943 numina
904 888 1025 964 sancta,

113 980 165 1029 455
185 973 317 1050 corporis
341 978 387 1032 est
409 988 528 1051 sensus,
551 971 597 1031 vel
620 990 687 1032 cum
709 989 759 1032 res
782 977 883 1032 extera
905 988 972 1032 sese

185 1062 327 1140 insinuat,
349 1058 396 1120 vel
419 1079 486 1120 cum
509 1060 599 1120 laedit
622 1079 696 1139 quae
719 1062 751 1120 in
774 1077 898 1139 corpore
920 1065 1024 1119 natast

185 1155 236 1209 ant
257 1151 337 1209 iuvat
359 1148 515 1226 egrediens
538 1148 673 1227 genitalis
696 1148 895 1227 perveneris
917 1165 981 1228 res,

186 1243 236 1297 aut
256 1255 295 1297 ex
318 1236 431 1296 offensu
456 1255 524 1297 cum
546 1237 667 1297 turbant
688 1255 812 1316 corpore
835 1238 867 1296 in
889 1237 955 1314 ipso

186 1327 298 1385 semina
321 1324 562 1403 confunduntque
583 1327 662 1385 inter
685 1343 717 1385 se
741 1326 855 1385 concita
878 1341 1017 1405 sensum;

116 1421 168 1469 440
186 1421 220 1472 ut
243 1415 269 1473 si
291 1413 367 1472 torte
390 1431 479 1473 manu
502 1415 635 1491 quamvis
657 1415 717 1474 iam
742 1415 875 1492 corporis
898 1415 962 1492 ipse

187 1508 250 1561 tute
273 1500 328 1561 tibi
350 1508 464 1579 partem
487 1502 577 1561 terias
600 1509 686 1580 atque
711 1504 872 1580 experiare.

188 1596 367 1668 quapropter
388 1587 474 1668 longe
498 1590 607 1650 formas
631 1591 740 1650 distare
763 1596 915 1650 necessest

188 1679 356 1757 principiis,
382 1680 479 1737 varios
502 1696 576 1756 quae
599 1681 716 1757 possint
738 1678 825 1738 edere
849 1695 964 1738 sensus.

232 1765 365 1844 Denique
389 1784 463 1844 quae
485 1765 572 1826 nohis
595 1767 699 1827 durata
721 1785 756 1828 ac
778 1767 873 1845 spissa
895 1765 1048 1845 videntur,

118 1861 169 1911 445
188 1854 262 1914 haec
284 1856 378 1932 magis
400 1853 525 1914 hamatis
548 1857 627 1915 inter
649 1873 714 1915 sese
738 1873 803 1915 esse
826 1860 980 1915 necessest

190 1949 220 2003 et
243 1945 327 2021 quasi
348 1945 474 2002 ramosis
497 1941 554 2002 alte
578 1950 729 2022 compacta
751 1944 854 2003 teneri.

189 2033 221 2091 in
245 2048 302 2110 quo
325 2033 384 2091 iam
407 2049 514 2109 genere
538 2033 696 2110 inprimis
720 2031 904 2091 adamantina
928 2047 998 2090 saxa

190 2122 286 2199 prima
308 2121 371 2180 acie
394 2126 531 2180 constant
553 2121 630 2180 ictus
653 2126 842 2180 contemnere
866 2125 951 2178 sueta

191 2216 220 2270 et
242 2207 331 2268 validi
354 2206 452 2268 silices
475 2226 509 2267 ac
532 2207 600 2268 duri
622 2207 729 2268 robora
752 2208 825 2268 terri

120 2303 172 2354 450
191 2315 316 2375 aeraque
340 2314 414 2375 qnae
438 2294 575 2356 claustris
598 2298 739 2356 restantia
760 2295 967 2356 vociferantur.

191 2384 241 2444 illa
264 2384 384 2462 quidem
407 2383 554 2444 debente
578 2383 691 2445 levibus
714 2391 802 2463 atque
825 2383 963 2444 rutundis

191 2490 257 2532 esse
280 2474 386 2553 magis,
410 2471 518 2532 fluvido
542 2489 616 2550 quae
641 2491 764 2552 corpore
787 2471 898 2551 liquida
921 2477 1067 2531 constant

191 2578 317 2639 namque
326 2561 480 2638 papaveris
489 2560 612 2620 haustus
622 2563 722 2621 itemst
729 2559 823 2620 facilis
831 2561 915 2639 quasi
923 2577 1078 2641 aquarum,
1090 2573 1131 2612 4⁶³
1156 2560 1159 2564 ’

121 2655 175 2706 455
192 2656 222 2708 et
243 2646 397 2728 perculsus
420 2649 491 2707 item
513 2648 643 2727 proclive
666 2647 802 2709 volubilis
825 2654 933 2729 exstat3
1091 2661 1131 2702 ceo

120 2745 172 2793 455
192 2755 248 2797 nec
270 2738 437 2812 retinentur
458 2738 537 2796 enim
555 2739 634 2797 inter
653 2755 684 2798 se
703 2736 913 2815 glomeramina
932 2748 1131 2816 quaequam

193 2825 245 2886 sed
269 2825 347 2904 quod
370 2842 468 2884 amara
488 2825 571 2885 vides
590 2825 692 2885 eadem
712 2843 786 2904 quae
802 2824 913 2885 fluvida
931 2831 1079 2909 constant,
1091 2838 1132 2879 res

121 2921 176 2971 465
193 2912 284 2974 sudor
306 2914 350 2974 uti
373 2915 462 2973 maris
486 2920 545 2994 est,
568 2915 689 2974 minime
713 2913 846 2973 mirabile
870 2911 958 2973 debet
1091 2924 1131 2966 4⁸⁵

192 3108 260 3150 nam
284 3090 362 3169 quod
385 3089 511 3150 fluvidus
536 3097 594 3170 est,
618 3107 634 3150 e
657 3089 771 3151 levibus
795 3096 882 3168 atque
905 3088 1046 3150 rutundis

193 3185 252 3259 est,
273 3181 303 3240 et
322 3174 468 3257 squalida
491 3177 584 3238 multa
607 3185 709 3239 creant
731 3177 859 3239 admixta
882 3177 993 3238 doloris

122 3275 174 3324 460
194 3285 325 3345 corpora.
359 3285 415 3327 nec
437 3274 536 3326 tamen
559 3265 631 3326 haec
654 3268 779 3327 retineri
796 3265 913 3326 hamata
930 3273 1131 3327 necessumst:

194 3355 308 3416 scilicet
330 3373 395 3414 esse
419 3354 538 3432 globosa
560 3359 673 3435 tamen,
696 3373 764 3415 cum
787 3353 919 3433 squalida
942 3362 1094 3437 constent,

111 3452 172 3502 m
179 3442 322 3522 provolvi
343 3441 435 3504 simul
459 3449 493 3505 ut
514 3444 633 3525 possint
654 3450 685 3504 et
705 3442 823 3504 laedere
847 3460 961 3504 sensus.
1092 3456 1134 3497 ⁴⁷⁰
