2430 3878
519 203 709 257 APPENDIX.
1049 205 1111 268 221

110 377 145 415 ee
165 361 249 414 modo
271 377 302 414 re
324 360 431 430 differt,
460 363 535 430 quod
561 362 621 417 illio
643 363 743 430 paolo,
770 361 817 415 hie
839 378 918 431 saepe
940 363 1115 432 (ostendimus

110 432 183 502 6616)
215 432 348 500 scriptum
373 434 461 499 extet,
496 433 598 486 retinet
629 431 757 486 Giussen.
786 432 837 487 sed
862 432 895 486 ef.
925 433 1049 503 prolegg.
1078 463 1113 474 -ι

111 505 250 556 706-721
273 504 421 570 (688-703
445 503 483 555 Br
503 506 533 573 .),
561 520 630 571 quoe
651 504 709 557 Iun.
733 504 764 558 B.
787 502 837 557 Mr.
861 503 924 574 Brg.
958 504 1112 570 secludunt,

110 571 201 626 Giuss.
211 563 429 626 Winkelmenno
444 575 472 626 et
483 522 652 627 {neemihlio
666 573 826 628 auctoribus
840 576 906 627 ente
920 579 970 628 687
986 573 1111 627 collocet.

111 643 161 697 sed
178 655 272 697 vereor
294 660 329 697 ne
350 644 405 698 hoo
424 644 486 698 looo
509 660 559 713 pro
582 660 615 698 eo
638 645 713 712 quod
736 645 915 711 6666161716
938 644 1113 698 scribendum

110 713 201 767 fuerit.
231 745 264 754 -
293 720 343 767 793
369 716 431 783 equi
454 721 533 784 etque
557 716 673 769 bominis
695 714 772 786 (00.)
797 715 859 785 lege
885 713 1114 768 Leohmmniene

26 809 31 815 ·
111 786 205 853 spreto
217 784 268 838 Mr.
283 784 347 854 Brg.
363 784 451 839 Giuss.
467 816 500 824 -
520 791 572 838 734
589 785 664 838 16616
678 785 745 838 61116
758 785 827 838 mihi
841 787 905 854 post
918 786 994 838 huno
1005 801 1114 838 versum

31 1574 32 1583 ¹
111 1561 194 1614 ficere
214 1560 337 1629 ‘eapite'
358 1561 518 1629 arbitratus,
537 1577 592 1628 quo
605 1576 650 1614 mo

110 855 227 909 leounee
250 854 361 926 signum
382 855 498 924 ponenti
523 871 652 909 assensus
673 855 703 908 in
726 856 849 909 editione
866 856 960 924 potius
978 855 1049 908 nihil
1068 871 1113 908 ex-

110 925 211 979 cidisse
225 925 373 980 existimet.
398 941 431 979 ee
445 926 593 979 simulacre
605 926 726 981 leonum
740 942 800 980 6666
812 927 873 980 vult
885 942 936 995 per
946 942 975 980 se
984 924 1114 1008 intellegi

111 997 140 1050 et
162 1011 194 1049 eo
225 997 301 1063 quod
325 999 368 1050 est
392 997 482 1051 666766
504 1014 676 1066 quaeeunque
699 999 832 1052 1666666666
853 997 925 1049 nihil
946 995 1005 1051 fere
1027 997 1113 1066 sigur-

110 1066 188 1120 16611
205 1068 299 1135 putet,
318 1067 373 1122 6161
391 1067 539 1120 simulacre
553 1068 646 1121 oeulos
659 1067 826 1121 lacessentia.
839 1068 963 1121 animum
975 1067 1114 1120 leeessen·

110 1136 186 1191 tibus
214 1137 329 1205 opponi,
363 1138 414 1191 sed
439 1136 472 1191 61.
496 1140 553 1193 not.
578 1138 615 1191 66
639 1156 663 1192 v.
683 1144 742 1192 202.
771 1169 804 1180 —
838 1144 887 1191 737
910 1137 979 1191 tolle
1003 1138 1112 1191 ‘leones

111 1206 219 1278 vulgo’.
244 1238 278 1247 -
302 1213 352 1261 743
370 1212 486 1263 66111666
502 1210 560 1263 vitu
578 1209 663 1262 etiem
681 1208 770 1262 Giuss.
790 1240 823 1249 -
841 1211 851 1278 ll
866 1212 1027 1276 760-76811
1045 1208 1114 1261 item

111 1277 210 1345 Giuss,
229 1278 278 1346 qui
294 1280 390 1331 temen
407 1278 493 1332 etiem
510 1278 551 1334 'vu
567 1284 705 1333 799-803
723 1281 882 1349 (818-821.
901 1283 953 1332 826
971 1279 1040 1348 Lm.)
1058 1278 1114 1332 huo

110 1349 261 1402 trenslotos
284 1349 389 1403 eisdem
407 1349 537 1403 cancellis
556 1349 746 1418 amplectitur,
766 1350 800 1403 de
819 1366 874 1417 que
891 1365 922 1403 re
945 1349 971 1402 ei
989 1366 1045 1402 non
1064 1349 1113 1401 ed·

112 1419 223 1473 sentior.
243 1450 276 1459 -
296 1424 346 1473 766
365 1421 390 1474 ei
407 1424 516 1474 terram
530 1421 629 1474 eordiet
647 1419 702 1484 OQ.
721 1420 793 1487 Lm,
812 1421 852 1473 sie
870 1421 956 1474 etiem
974 1418 1062 1473 Giuss.
1078 1448 1112 1460 -

112 1495 163 1543 773
182 1496 304 1558 repeteret
321 1493 415 1545 67116.
432 1533 438 1544 .
454 1532 460 1545 .
474 1506 531 1544 non
548 1489 1009 1615 6161166Ᾰ6Ῠ616ὲ6111161666η6ο66116
1027 1489 1114 1572 signi-

672 1577 688 1614 o
714 1578 765 1615 666
838 1577 978 1615 nemmem
990 1577 1063 1615 nom.
1078 1589 1112 1600 -

111 1636 163 1684 776
177 1647 216 1698 sq.
244 1673 250 1685 .
272 1673 278 1685 .
301 1674 307 1685 .
332 1631 406 1684 mele
430 1631 494 1703 Mn]
520 1633 591 1700 quod
613 1633 755 1698 sentimus,
779 1634 809 1686 id
831 1639 869 1687 est
891 1649 951 1686 cem
969 1630 1112 1685 61666--

113 1706 162 1754 781
181 1707 285 1756 metae
301 1703 436 1756 mobilitas
454 1744 460 1757 .
477 1743 504 1756 ..
523 1708 603 1756 66616
621 1704 630 1770 ΙΙ
646 1718 664 1757 e
682 1703 730 1756 boe
747 1704 795 1756 601
816 1705 909 1771 prima
928 1744 933 1758 .
949 1743 955 1756 .
972 1745 977 1756 .
997 1709 1114 1756 metasse

111 1772 217 1827 videtur
229 1775 238 1842 ΙΙ
252 1771 342 1826 Giuss.
356 1788 446 1839 neque
460 1772 610 1840 quiequam
619 1772 754 1826 excidisse
763 1775 846 1840 putot
857 1789 948 1841 neque
957 1790 997 1826 vv.
1010 1779 1060 1825 789
1071 1789 1111 1839 sq.

111 1858 167 1896 non
192 1841 227 1896 ab
252 1842 314 1912 ipso
338 1845 423 1911 poeto
444 1843 491 1896 hie
512 1843 658 1912 repetitos,
682 1842 712 1895 in
732 1845 862 1911 utroque,
886 1845 910 1897 si
933 1843 1001 1912 quid
1023 1842 1112 1910 video,

111 1929 213 1966 errans.
228 1944 261 1953 -
282 1917 331 1965 786
349 1913 425 1982 lege:
443 1914 500 1967 nisi
516 1917 547 1966 66
565 1914 602 1966 od
620 1930 689 1983 6666
706 1930 733 1968 ee
750 1914 807 1981 ipse
821 1915 947 1981 paravit:
964 1915 1021 1968 6161
1038 1914 1114 1983 quote

111 2000 165 2038 sese
183 2025 189 2036 .
206 2026 211 2037 .
228 2026 233 2035 .
253 1981 352 2035 0111166,
370 1981 507 2050 prebente
528 1982 705 2055 Ρ611161.6.]
727 1984 784 2038 6166
805 1984 831 2037 ei
852 2000 920 2051 quoe
942 1984 979 2036 ad
1005 2000 1032 2037 se
1050 2001 1113 2037 oum

111 2053 169 2106 Lm.
185 2054 214 2106 et
227 2052 257 2105 Β.
272 2051 361 2105 (11666.
377 2051 471 2117 moo.
487 2054 529 2106 est
542 2055 599 2108 6161
612 2071 662 2122 666
675 2071 709 2108 ex
721 2070 748 2108 oe
762 2085 808 2106 -.
827 2084 862 2092 -
876 2057 1015 2105 804-838
1029 2055 1038 2121 [1
1057 2055 1111 2124 ...]

112 2125 178 2176 sunt
197 2123 268 2176 haee
290 2122 403 2190 quidem
424 2123 539 2177 maximi
559 2124 703 2192 ponderis,
725 2125 758 2176 ut
781 2122 822 2176 uit
844 2121 947 2188 611666,
970 2121 1001 2174 16
1022 2122 1113 2190 philo-

112 2193 211 2262 sophie
230 2192 463 2264 entiteleologioe,
479 2194 529 2247 sed
546 2210 618 2264 nego
635 2194 689 2248 hoo
706 2194 768 2247 loeo
786 2194 852 2261 epte
869 2191 961 2245 inseri.
977 2223 1010 2231 -
1026 2197 1112 2245 877-

113 2269 163 2317 906
178 2265 327 2333 (839-868
342 2263 416 2334 Brg.)
430 2269 570 2319 868-876
589 2307 595 2318 .
612 2307 618 2319 .
634 2264 653 2335 .]
672 2263 768 2318 61666(
779 2263 903 2316 locorum
919 2261 1044 2316 ordinem
1057 2279 1114 2316 non

111 2334 231 2388 invertit.
251 2366 285 2375 -
308 2339 361 2388 804
378 2337 478 2390 666666
496 2376 502 2390 .
518 2378 523 2390 .
540 2335 559 2406 .]
582 2351 690 2389 avemus
712 2342 736 2388 te
758 2335 871 2404 effuyere
894 2333 1001 2402 duplici
1022 2335 1113 2387 mute-

111 2405 188 2459 tione
206 2403 235 2459 B.
256 2403 345 2460 Giuss.
364 2436 398 2446 -
417 2411 468 2460 817
482 2411 556 2460 noto
569 2403 624 2469 OQ.
640 2404 807 2527 MrgGiuss.
822 2436 856 2444 —
875 2409 926 2458 869
946 2445 996 2458 .,.
1014 2405 1114 2459 remis

111 2482 238 2544 ventoque
255 2476 362 2542 serator
384 2475 473 2530 Giuss.
497 2493 560 2530 eum
583 2475 688 2529 666666
709 2491 733 2542 o,
756 2491 812 2528 non
834 2475 894 2528 sine
911 2473 1052 2544 probabili
1069 2491 1114 2528 re-

111 2545 195 2600 tione.
224 2577 258 2587 -
290 2551 341 2600 867
365 2588 372 2601 .
392 2589 398 2602 .
419 2589 425 2602 .
445 2548 569 2616 poedore
594 2543 696 2617 mopeo
718 2546 776 2600 Lm.
800 2545 843 2617 B.]
871 2544 960 2600 Giuss.
984 2547 1114 2615 pondera

112 2631 226 2686 empne.
244 2647 278 2658 -·
297 2618 362 2671 6666
380 2632 467 2685 quae
487 2618 551 2688 lege
573 2621 632 2671 873.
652 2648 686 2657 -
714 2622 765 2670 864
783 2617 846 2686 (874
864 2617 939 2688 Brg.)
958 2622 1009 2670 833
1029 2616 1115 2669 etiem

113 2686 202 2739 Giuss.
225 2716 260 2727 -
287 2691 407 2742 914...
430 2694 509 2758 atque
531 2690 604 2742 etue
626 2685 681 2752 OQ.
705 2687 768 2758 Mn]
787 2686 876 2740 Giuss.
900 2718 934 2727 -
957 2692 1008 2739 933
1024 2687 1114 2755 popli-

112 2757 231 2827 requei*
245 2757 356 2811 6606661
369 2757 458 2812 01666.
472 2759 532 2812 6166
545 2773 633 2811 66166.
648 2789 682 2798 -
697 2763 747 2812 949
762 2765 839 2812 emes
851 2757 909 2810 Lm.
925 2755 959 2827 B]
975 2755 1063 2810 Giuss.
1079 2787 1114 2796 -

112 2832 164 2881 978
260 2827 376 2883 redemit
397 2828 495 2896 Giuss,
519 2829 568 2896 qui
589 2830 685 2881 tamen
707 2828 789 2881 66616
812 2827 901 2880 ‘forse
922 2827 1038 2897 meglio,
1062 2842 1115 2880 666

112 2897 238 2969 Brieger‚
256 2899 395 2953 redeumt’¹
424 2930 457 2938 -
485 2904 605 2953 988
629 2899 814 2967 poematibus
831 2896 937 2967 ka]
960 2912 1038 2965 quae
1059 2913 1114 2951 mo-

111 2970 184 3024 16066
202 2967 301 3036 Giuss,
324 2983 381 3022 non
401 2970 483 3036 reete,
506 2985 572 3023 nem
594 2984 652 3022 non
674 2967 793 3022 cuiusvis
811 2969 854 3020 666
870 2983 914 3021 166
931 2983 1048 3038 magnes
1067 2983 1115 3038 ge·

111 3055 178 3094 rere
194 3070 228 3079 —
243 3044 294 3092 991
440 3041 653 3111 ’6169616666
665 3039 765 3093 ibidem
778 3036 848 3107 (sine
861 3037 979 3110 virgula)
994 3037 1115 3092 absurde

112 3110 245 3193 editores]
263 3109 349 3164 etiem
391 3110 456 3164 iuss.
474 3141 508 3150 —
532 3116 583 3192 998
602 3151 607 3164 .
668 3109 848 3190 praecipitent
869 3110 901 3162 in
923 3115 1023 3163 terrem
1044 3108 1115 3178 (6166

113 3178 849 3318 tellbettorettlllstltdllu
866 3184 916 3290 {⁹5³
935 3186 1116 3304 ettilo

114 3325 277 3376 10401037
296 3321 388 3392 <lomb
411 3337 467 3375 non
484 3323 576 3375 mutet
597 3337 725 3376 versuum
747 3321 873 3374 ordinem
891 3318 993 3387 Gloss,
1017 3321 1067 3375 sed
1084 3321 1115 3374 in

113 3392 236 3458 eoquod
253 3393 379 3460 sequitur
397 3392 520 3460 oepitulo
539 3391 662 3446 versibus
681 3396 749 3445 1039
760 3408 799 3458 sq.
820 3407 890 3459 opus
907 3407 963 3443 666
982 3392 1115 3445 6666666

113 3460 203 3516 oiuss.
222 3463 335 3533 quidem
351 3462 393 3516 ibi
411 3478 457 3516 eos
479 3462 599 3517 retinere
616 3462 721 3532 potuit,
745 3462 800 3515 nisi
818 3461 859 3515 itu
881 3463 914 3514 ut
934 3461 1027 3515 neseio
1047 3460 1116 3529 quid

112 3531 210 3586 deesse
227 3532 399 3602 opinaretur,
419 3535 448 3587 66
465 3533 553 3604 priori
569 3533 631 3588 loeo
651 3534 732 3588 deest
748 3532 894 3587 deusde:
910 3547 988 3583 num
999 3532 1067 3580 ems
1079 3544 1130 3575 sx-
