2430 3878
593 176 620 232 V
1044 179 1106 244 155

101 340 155 391 865
219 322 277 384 Sed
300 341 396 402 neque
420 323 560 385 Centauri
581 324 714 405 fuerunt,
737 341 792 384 nec
814 332 949 404 tempore
972 329 1004 388 in
1026 327 1086 388 ullo

96 420 158 472 876
175 430 241 473 esse
264 419 377 490 queunt
399 411 511 491 duplici
533 419 639 473 natura
662 418 692 473 ei
714 430 838 491 corpore
860 413 934 474 bine·

175 520 212 562 ex
235 499 407 579 alienigenis
429 501 572 561 membris
595 507 759 581 compacta,
780 507 910 580 poteslas
1067 525 1106 566 eso

173 590 243 650 hinc
266 587 348 649 illinc
369 591 463 668 partis
484 596 519 649 ul
539 607 600 650 nen
622 607 677 668 par
698 606 765 649 esse
790 591 917 668 pciissit.

174 677 205 737 id
227 675 298 737 licet
318 676 389 737 hinc
412 679 545 755 quamvis
566 676 668 738 hebeti
690 693 869 756 cognoscere
892 677 988 738 corde.

95 784 155 834 -8'10
173 766 321 845 principie
344 767 456 826 circum
478 765 575 826 tribus
598 768 674 826 actis
694 767 821 845 impiger
843 767 928 826 aunis

101 861 158 913 881
175 854 261 914 floret
275 871 378 934 equus,
395 872 474 933 puer
484 853 555 914 haut
569 871 728 933 quaquam:
741 872 809 914 nem
823 871 911 934 saepe
925 856 1106 915 etiamnunc

174 941 266 1003 ubera
289 960 483 1002 mammarum
504 944 537 1002 in
559 944 672 1002 somnis
693 941 829 1002 lactantia
853 949 986 1021 qnmrct:
1067 963 1107 1005 ses

174 1037 242 1111 pest
263 1029 316 1090 ubi
338 1049 447 1110 equum
468 1029 580 1091 validae
602 1032 681 1091 vires
704 1034 800 1090 aetale
823 1037 942 1091 senecta

174 1118 366 1198 membraque
387 1119 528 1180 deliciunt
549 1119 675 1198 fugienti
695 1118 833 1197 languida
855 1121 925 1199 viia,

102 1224 156 1274 876
174 1214 237 1268 tum
260 1207 379 1268 demum
401 1209 506 1286 pueris
525 1225 596 1268 aere
619 1207 744 1267 florente
764 1209 900 1268 iuventas

100 1304 161 1356 886
174 1297 282 1375 occipit
305 1303 334 1356 et
355 1295 438 1355 molli
459 1297 548 1357 restit
570 1295 708 1374 lanugine
730 1295 835 1376 malas3

174 1402 212 1444 ne
235 1384 311 1444 forte
334 1402 369 1443 ex
392 1384 512 1444 homine
534 1390 565 1445 ei
585 1385 719 1445 veterino
742 1384 855 1444 semine
878 1401 1023 1462 equerum
1067 1406 1106 1446 eso

175 1473 297 1533 confieri
319 1471 423 1532 credas
446 1471 607 1533 Centauros
630 1490 718 1552 posse
740 1489 838 1550 neque
861 1489 941 1553 esse,

175 1567 226 1620 aui
246 1559 359 1620 rabidis
382 1560 504 1621 canibus
527 1562 691 1622 succinctas
714 1562 915 1621 semimarinis

102 1667 156 1716 880
175 1649 348 1727 corporibus
372 1647 496 1730 Scyllas,
519 1655 549 1709 et
571 1656 669 1709 cetera
693 1648 729 1708 de
752 1647 1004 1728 generenam,

100 1745 159 1797 891
172 1739 251 1797 inter
273 1755 305 1797 se
329 1755 455 1816 quornm
478 1737 624 1798 discordia
646 1737 778 1797 mem-lira
800 1736 949 1818 videmus3

175 1844 248 1904 quae
270 1843 366 1904 neque
389 1825 551 1886 florescunt
572 1827 683 1905 pariter
706 1843 762 1886 nec
784 1824 892 1886 robora
915 1831 1035 1886 sumunt
1066 1846 1105 1887 ses

175 1913 349 1993 cerporibus
369 1932 466 1993 neque
488 1916 639 1993 proiciunt
660 1920 755 1974 aetate
778 1921 909 1994 senecia,

174 2019 229 2062 nec
252 2002 343 2062 simili
364 2001 478 2062 Venere
500 2002 657 2062 ardescunt
679 2020 735 2062 nec
756 2001 891 2062 moribus
912 2003 980 2061 unis

100 2107 156 2157 885
173 2093 365 2171 conveniunt,
388 2108 485 2170 neque
508 2097 577 2150 sunt
599 2089 701 2150 eadem
723 2089 854 2150 iucunde
873 2107 930 2168 per
950 2097 1040 2149 artus.

100 2185 161 2237 896
175 2180 283 2258 quippe
305 2178 407 2239 videre
429 2177 499 2239 licet
520 2180 714 2256 pinguescere
742 2195 828 2256 saepe
851 2178 948 2237 eicnia

174 2266 347 2344 barbigeras
368 2267 510 2348 pecudes,
537 2267 650 2326 nemini
673 2272 776 2345 quaest
798 2283 867 2327 acre
888 2282 1042 2324 venenum.
1066 2288 1106 2327 coe

174 2352 303 2433 deniqne
323 2355 440 2415 flamma
463 2355 582 2434 quidem
605 2372 673 2414 cnm
696 2371 820 2433 corpora
842 2352 919 2413 salva
941 2352 1059 2413 leonum

174 2450 233 2503 tam
257 2442 350 2504 soleat
371 2451 488 2504 torrere
509 2450 597 2523 atque
619 2460 707 2502 urere
730 2460 817 2521 quam
841 2459 936 2520 genus
957 2459 1043 2502 omne

101 2549 156 2598 890
174 2533 297 2592 visceris
320 2533 351 2592 in
373 2534 465 2592 terris
487 2532 691 2610 quodcumque
716 2537 746 2590 ei
768 2531 921 2610 sanguinis
943 2537 1036 2612 exiet,

101 2622 227 2698 901qui
248 2619 315 2679 fieri
337 2623 445 2701 potuit,
467 2620 579 2699 triplici
600 2637 669 2680 cum
691 2637 814 2698 corpore
837 2626 871 2679 ui
893 2637 964 2699 una,
1141 2616 1143 2620 ⁴

174 2710 267 2787 prima
291 2706 350 2789 len,
372 2716 521 2787 postrema
544 2708 645 2788 draco,
667 2707 763 2767 media
786 2709 851 2786 ipsa
874 2706 1028 2767 Chimaera
1067 2729 1106 2770 eea

175 2813 226 2856 erc
248 2796 328 2856 ieras
349 2814 447 2857 acrem
470 2797 555 2856 ilarci
577 2795 613 2856 de
637 2814 760 2874 corpere
778 2791 946 2855 flammam?

174 2902 264 2962 quare
288 2886 377 2944 eiiam
399 2884 504 2945 tellure
527 2903 603 2944 nova
625 2882 764 2962 caeloque
787 2884 901 2943 recenti

101 2989 155 3039 895
173 2972 242 3033 talia
266 2974 317 3052 qui
339 2974 424 3051 lingit
445 2975 578 3052 potuisse
602 2971 737 3032 animalia
759 2972 855 3051 gigni,

100 3062 259 3121 nonninus
282 3063 313 3120 in
335 3061 392 3122 hoc
414 3079 473 3121 uno
496 3063 636 3122 novitatis
656 3061 776 3120 nemine
799 3060 894 3140 inani,

173 3149 264 3210 multa
286 3149 356 3209 licet
378 3149 470 3209 simili
491 3151 605 3209 ratione
629 3148 742 3208 eiiutiai
765 3164 830 3227 ore,
1067 3170 1107 3210 ere

173 3256 261 3298 aurea
283 3244 347 3298 tum
370 3238 448 3298 dicat
470 3256 525 3316 per
546 3245 642 3297 terras
664 3236 788 3296 flumina
807 3234 893 3313 vulgo

172 3325 307 3406 fluxisse,
330 3333 360 3386 et
382 3328 506 3405 gemmis
529 3325 635 3385 llorere
659 3324 779 3384 arbusta
802 3328 918 3404 messe,

100 3429 153 3481 900
172 3421 222 3475 aut
244 3414 394 3475 hominem
416 3422 498 3475 tanin
521 3412 723 3474 membrorum
747 3430 813 3473 esse
836 3414 946 3491 impete
969 3418 1083 3492 natum,

100 3511 154 3562 911
169 3509 251 3564 trans
274 3505 367 3563 maria
390 3503 447 3564 alta
469 3501 578 3584 pedum
601 3503 686 3562 nisus
708 3507 742 3561 ui
763 3519 875 3582 ponere
897 3506 999 3580 posset
