2430 3878
586 195 626 251 VI
1046 196 1108 261 175

173 359 260 420 saepe
284 343 324 402 ita
347 342 397 402 det
417 349 534 404 torvum
557 345 687 405 sonitum
709 343 839 423 displosa
861 351 991 422 repente.

101 445 155 496 130
217 429 270 489 Est
292 432 381 491 etiam
403 433 492 511 ratio,
516 450 583 492 cum
605 434 685 492 venti
708 431 807 492 nubila
829 432 968 514 perflant,

173 525 207 578 ut
229 520 344 579 sonitus
367 519 619 580 faciant:·etenim
642 537 758 581 ramosa
780 520 914 581 videmus

174 605 275 667 nubila
297 625 385 685 saepe
407 607 503 667 modis
526 608 627 669 multis
650 616 738 687 atque
761 625 864 687 aspera
887 608 971 688 ferri3

103 701 158 752 135
175 693 300 774 scilicet,
323 702 369 774 ut,
392 695 526 756 crebram
550 696 652 756 silvam
674 715 742 757 cum
764 696 882 756 flamina
904 697 986 757 cauri
1068 717 1107 759 eea

174 781 313 864 perflant,
336 783 406 843 dant
429 786 559 844 sonitum
581 784 700 844 frondes
723 787 855 863 ramique
878 784 1032 863 fragorem.

105 886 157 937 135
175 872 209 931 fit
231 888 348 950 quoque
370 878 405 931 ut
427 873 577 933 interdum
599 873 688 959 validi
710 875 755 932 vis
777 875 867 933 incita
889 874 969 932 venti

127 1012 130 1017 .
173 959 345 1038 perscindat
367 958 476 1020 nubem
498 961 684 1039 perfringens
708 963 816 1040 impete
839 967 934 1021 recto:

175 1064 244 1107 nam
267 1047 338 1126 quid
359 1050 455 1126 possit
477 1047 519 1108 ibi
541 1048 627 1109 flatus
650 1049 805 1110 manifesta
828 1049 914 1109 docet
935 1066 997 1129 res,

104 1141 160 1194 140
175 1135 238 1216 bic,
260 1135 312 1196 ubi
334 1134 429 1196 lenior
452 1143 510 1216 est,
532 1139 564 1197 in
586 1143 666 1197 terra
688 1154 756 1197 eum
778 1144 876 1197 tamen
898 1136 955 1197 alta
1070 1158 1108 1198 no

176 1223 296 1284 arbusta
319 1224 455 1284 evolvens
478 1223 628 1285 radicibus
650 1225 748 1285 haurit
770 1224 806 1284 ab
829 1227 906 1284 imis.

106 1328 158 1378 140
177 1318 247 1372 sunt
269 1313 357 1372 etiam
380 1312 487 1373 fluctus
509 1331 563 1392 per
585 1312 698 1393 nubila,
721 1316 773 1391 qui
795 1316 880 1391 quasi
901 1329 1036 1373 murmur

177 1399 249 1461 dant
269 1402 301 1459 in
323 1401 485 1479 frangendo
508 1403 647 1482 graviter;
671 1401 748 1479 quod
771 1402 842 1461 item
865 1401 898 1461 tit
920 1404 951 1459 in
974 1400 1040 1460 altis

176 1488 349 1549 fluminibus
371 1506 535 1567 magnoque
559 1491 646 1570 mari,
669 1507 737 1550 cum
760 1490 903 1568 frangitur
926 1496 1033 1549 aestus.

104 1583 160 1634 145
176 1577 210 1637 fit
232 1593 359 1658 quoque,
380 1576 433 1637 ubi
455 1595 471 1637 e
494 1577 566 1637 nubi
588 1579 620 1637 in
638 1577 747 1638 nubem
765 1579 809 1638 vis
827 1578 932 1637 incidit
949 1576 1055 1637 ardens
1070 1597 1108 1638 na

177 1664 321 1746 bilminis,
343 1664 416 1725 baec
439 1664 531 1725 multo
554 1667 580 1725 si
602 1665 678 1727 forte
701 1683 803 1727 umore
826 1668 939 1744 recepit

106 1768 160 1819 145
177 1755 289 1833 ignem,
313 1755 452 1813 continuo
474 1761 509 1814 ut
530 1771 636 1832 magno
659 1753 786 1815 clamore
811 1754 952 1834 trucidet3

176 1847 211 1902 ut
233 1840 335 1902 calidis
358 1841 487 1901 candens
508 1841 621 1902 ferrum
644 1861 660 1902 e
683 1842 851 1902 fornacibus
875 1841 945 1901 olim

179 1929 289 2009 stridit,
312 1928 365 1989 ubi
386 1932 417 1988 in
441 1929 569 2008 gelidum
592 1948 718 2008 propere
741 1930 936 1990 demersimus
958 1928 1090 1989 imbrem.

106 2025 162 2076 150
178 2017 289 2078 aridior
310 2034 399 2095 porro
424 2019 450 2077 si
471 2016 566 2078 nubes
589 2021 696 2096 accipit
717 2020 828 2098 ignem,
1070 2037 1110 2079 ιω

177 2107 276 2166 uritur
297 2107 411 2184 ingenti
434 2108 532 2165 sonitu
556 2123 698 2166 succensa
719 2112 855 2185 repente3

109 2210 160 2259 150
178 2193 355 2254 lauricomos
377 2199 412 2254 ut
434 2196 536 2272 siper
558 2196 667 2254 montis
689 2194 805 2253 flamma
827 2199 948 2270 vagetur

178 2281 296 2342 turbine
319 2288 474 2342 ventorum
498 2281 673 2342 comburens
695 2283 805 2360 impete
826 2297 945 2358 magno:

179 2387 234 2430 nec
256 2387 305 2430 res
327 2369 386 2430 ulla
409 2372 503 2448 magis
526 2387 613 2449 quam
635 2369 745 2430 Phoebi
768 2368 908 2447 Delphica
929 2367 1030 2428 laurus

107 2465 162 2517 155
180 2457 307 2518 terribili
330 2460 428 2519 sonitu
451 2459 567 2518 flamma
588 2460 751 2537 crepitante
775 2462 929 2518 crematur.
1072 2477 1110 2518 155

179 2545 306 2624 denique
329 2564 417 2624 saepe
440 2545 499 2625 geli
521 2545 631 2607 multus
653 2546 752 2625 fragor
775 2552 862 2625 atque
884 2547 969 2606 ruina

109 2648 160 2699 155
179 2634 331 2712 grandinis
353 2636 385 2694 in
406 2636 520 2714 magnis
544 2637 672 2695 sonitum
695 2635 745 2695 dat
767 2634 894 2696 nubibus
917 2633 986 2693 alte:

179 2728 284 2782 ventus
306 2724 386 2782 enim
410 2740 477 2783 cum
500 2723 655 2804 confercit,
677 2722 852 2801 franguntur
874 2725 906 2781 in
929 2728 1024 2781 artum

180 2812 311 2871 concreti
332 2818 448 2871 montes
470 2811 638 2872 nimborum
661 2818 691 2871 et
713 2810 854 2889 grandine
876 2811 969 2869 mixti.

107 2905 164 2956 160
223 2897 321 2976 Fulgit
342 2901 426 2979 item,
449 2899 544 2960 nubes
566 2901 643 2978 ignis
666 2916 734 2959 cum
757 2900 869 2958 semina
891 2896 983 2957 multa
1072 2918 1111 2958 1co

179 3004 336 3047 excussere
360 3005 413 3047 suo
437 3005 596 3069 concursu3
619 3005 675 3048 ceu
696 2985 823 3065 lapidem
848 2987 874 3044 si

108 3091 161 3142 leo
178 3077 325 3154 percutiat
346 3074 421 3153 lapis
444 3083 495 3136 aut
515 3075 640 3136 ferrum:
664 3093 731 3134 narn
753 3081 817 3134 tum
840 3090 957 3152 quoque
980 3071 1079 3132 lumen

178 3163 262 3224 exilit
285 3169 315 3224 et
337 3162 430 3224 claras
453 3163 595 3224 scintillas
618 3163 742 3240 dissipat
763 3163 849 3241 ignis,

179 3251 231 3311 sed
253 3254 397 3312 tonitrum
419 3252 452 3311 tit
475 3253 519 3312 uti
540 3258 608 3330 post
630 3250 751 3311 auribus
774 3252 965 3330 accipiamus,

106 3345 162 3396 165
178 3339 291 3418 fulgere
315 3358 402 3417 quam
425 3347 547 3401 cernant
569 3339 659 3418 oculi,
684 3341 752 3417 quia
775 3352 892 3417 semper
915 3337 951 3397 ad
973 3337 1053 3397 auris
1074 3357 1111 3399 rea

178 3428 291 3488 tardius
314 3427 473 3489 adveniunt
495 3446 583 3507 quam
605 3430 700 3487 visum
725 3445 798 3505 quae
821 3432 957 3486 moveant
978 3443 1035 3484 res.

107 3531 159 3582 155
178 3516 209 3576 id
231 3515 302 3576 licet
322 3515 392 3578 binc
415 3518 503 3577 etiam
526 3533 716 3597 cognoscere.
751 3515 878 3577 caedere
899 3516 932 3573 si
950 3530 1046 3589 upem
