2430 3878
560 189 588 242 Π

138 336 353 415 fecundamque
376 337 476 398 minus
498 341 634 396 naturam
657 339 755 397 cernis
778 337 904 419 inillis,

137 432 167 484 at
189 426 310 503 regione
334 424 458 502 locoque
479 423 540 484 alio
562 426 710 504 terrisque
733 427 855 485 remotis

53 519 116 570 535
136 512 229 573 multa
252 513 322 574 licet
344 530 453 591 genere
477 531 543 573 esse
566 515 598 573 in
622 530 657 573 eo
680 530 894 592 numerumque
917 513 1040 595 repleri3

136 603 214 661 siout
237 600 453 680 quadripedum
477 602 672 680 cumprimis
695 619 761 662 esse
784 601 917 662 videmus

136 691 168 749 in
191 706 300 767 genere
324 691 518 767 anguimanus
543 688 727 770 elephantos,
749 689 832 750 India
855 707 981 769 quorum

136 777 256 838 milibus
279 796 296 838 e
319 777 421 838 multis
444 777 519 837 vallo
543 779 675 838 munitur
698 777 824 859 eburno,

136 872 171 926 ut
192 867 312 945 penitus
335 873 464 944 nequeat
485 868 650 945 penetrari:
672 872 752 926 tanta
776 867 905 927 serarum

58 961 117 1011 540
136 955 182 1014 vis
206 960 264 1035 est3
288 971 413 1032 quarum
434 972 490 1014 nos
512 972 660 1033 perpauca
679 954 816 1034 exempla
838 955 980 1015 videmus.

137 1041 190 1102 sed
213 1048 312 1103 tamen
335 1041 366 1102 id
384 1061 506 1121 quoque
529 1045 575 1103 uti
598 1043 769 1123 concedam,
795 1060 882 1122 quam
905 1043 987 1103 lubet
1010 1050 1072 1103 esto

135 1131 224 1191 unica
246 1148 295 1190 res
319 1131 462 1209 quaedam
485 1133 583 1191 nativo
602 1148 730 1209 corpore
754 1130 828 1210 sola,

137 1220 187 1279 eui
210 1218 315 1278 similis
338 1224 399 1279 toto
423 1225 570 1279 terrarum
592 1214 743 1278 collusit
765 1217 844 1279 orbi:

136 1307 252 1367 infinita
274 1314 373 1367 tamen
396 1309 455 1367 nisi
478 1309 535 1366 erit
557 1309 602 1366 vis
624 1308 770 1389 materiai,

60 1401 117 1451 545
136 1394 216 1455 unde
239 1412 273 1455 ea
295 1397 433 1475 progigni
455 1397 551 1473 possit
574 1401 728 1475 concepta,
751 1396 847 1455 creari

136 1501 197 1543 non
219 1485 338 1564 poterit,
361 1502 466 1564 neque,
490 1483 567 1561 quod
587 1489 732 1561 superest,
755 1500 946 1562 procrescere
966 1483 1070 1562 alique.

138 1573 247 1650 quippo
271 1573 381 1632 etenim
405 1578 558 1632 sumantur
580 1573 624 1631 uti
646 1572 728 1631 finita
750 1589 804 1650 por
827 1589 913 1631 omne

137 1677 262 1738 corpora
284 1661 389 1720 iactari
411 1662 500 1720 unius
523 1659 660 1738 genitalia
683 1661 742 1740 rei,

137 1748 216 1808 unde
238 1747 292 1808 uhi
314 1766 371 1826 qua
393 1750 423 1807 ri
445 1755 475 1808 et
498 1765 556 1826 quo
579 1755 663 1827 pacto
687 1765 845 1825 congressa
868 1747 989 1809 coibunt

63 1842 118 1892 550
136 1836 277 1897 materiae
300 1842 382 1896 tanto
405 1838 436 1895 in
458 1835 561 1915 pelago
584 1836 729 1914 turbaque
752 1832 868 1896 aliena?

137 1943 210 2006 non,
232 1931 267 1984 ut
288 1926 407 2004 opinor,
429 1923 538 1984 habent
559 1927 704 1984 rationem
727 1924 915 1984 conciliandi:

138 2013 191 2073 sed
215 2013 300 2091 quasi
321 2012 481 2090 naufragiis
504 2014 618 2090 magnis
641 2011 801 2090 multisque
825 2014 933 2072 coortis

138 2101 295 2161 disiectare
319 2100 394 2160 solet
416 2118 554 2178 magnum
576 2118 657 2160 mare
680 2106 808 2160 transtra
831 2099 962 2178 guberna

138 2195 291 2249 antemnas
313 2207 431 2268 proram
453 2188 546 2248 malos
569 2195 727 2267 tonsasque
750 2190 891 2267 natantis,

63 2283 118 2333 555
138 2295 192 2356 per
214 2284 362 2337 terrarum
385 2279 480 2337 omnis
504 2294 570 2336 oras
593 2277 738 2337 fluitantia
761 2274 891 2355 aplustra

137 2372 172 2426 ut
193 2364 349 2425 videantur
371 2373 401 2425 et
423 2365 566 2426 indicium
588 2363 762 2425 mortalibus
785 2363 885 2444 edant,

138 2452 223 2514 inlidi
244 2456 335 2514 maris
358 2454 480 2514 insidias
502 2456 633 2532 virisque
657 2451 815 2531 dolumque

138 2549 172 2603 ut
194 2543 287 2602 vitare
310 2541 415 2622 velint,
437 2560 510 2602 neve
533 2541 593 2602 ullo
616 2547 749 2620 tempore
773 2538 907 2622 credant,

139 2629 261 2691 subdola
284 2648 352 2690 cum
374 2630 452 2690 ridet
473 2629 581 2708 placidi
603 2629 725 2708 pellacia
747 2631 843 2711 ponti,

65 2725 119 2774 550
139 2720 183 2779 sic
205 2716 261 2777 tibi
284 2720 310 2778 si
333 2719 415 2778 finita
439 2717 530 2778 semel
552 2719 714 2796 primordia
737 2718 879 2796 quaedam

139 2808 315 2887 constitues,
338 2824 439 2867 aevom
462 2805 611 2866 debebunt
634 2824 736 2886 sparsa
757 2825 812 2885 per
835 2823 952 2865 omnem

139 2894 295 2954 disiectare
319 2900 418 2955 aestus
442 2894 553 2954 diversi
574 2897 721 2975 materiai,

138 3000 300 3062 numquam
322 2985 354 3042 in
377 2982 536 3044 concilium
559 2990 592 3042 ut
614 2984 729 3063 possint
752 2981 901 3061 compulsa
925 2983 1004 3041 coire

137 3088 194 3132 nec
216 3074 360 3131 remorari
382 3073 414 3130 in
437 3071 562 3152 concilio
586 3089 641 3131 nec
664 3088 798 3130 crescere
822 3070 956 3151 adaucta,

65 3164 119 3214 565
139 3177 266 3239 quorum
288 3166 447 3237 utrumque
467 3158 566 3238 palam
589 3160 656 3219 lieri
676 3159 831 3219 manifesta
854 3158 941 3219 docet
963 3177 1024 3239 reS,

138 3255 170 3308 ct
190 3266 241 3308 res
263 3250 399 3326 progigni
422 3255 451 3308 ct
474 3250 587 3325 genitas
610 3265 800 3327 procrescere
822 3265 918 3325 posse.

139 3355 204 3398 csse
228 3338 319 3414 igitur
340 3354 448 3414 genere
472 3338 504 3395 in
528 3338 630 3415 quovis
653 3335 815 3414 primordia
838 3353 936 3395 rerum

138 3425 254 3486 infinita
275 3424 414 3504 palamst,
436 3424 515 3484 unde
539 3426 636 3484 omnia
660 3423 891 3502 suppeditantur.

183 3513 245 3574 Nec
268 3530 409 3593 superare
433 3520 547 3593 qucum
568 3519 666 3574 motus
688 3513 791 3591 itaque
812 3511 950 3571 exitiales
