2430 3878
151 184 193 249 86
634 185 674 240 ΙΙΙ

220 331 347 410 denique
369 338 404 393 ut
426 334 573 393 intereant
595 350 653 392 una
676 350 744 392 cum
767 349 891 411 corpore
914 338 1049 393 cunctae.

644 437 663 478 e

221 509 264 567 sio
287 509 399 568 animas
422 507 576 568 hominum
598 507 698 568 dicent
720 510 752 568 iu
775 525 899 587 corpora
922 525 1044 586 semper
1126 529 1163 570 777

221 597 266 655 ire
288 595 429 676 humana,
451 603 550 657 tamen
574 613 713 675 quaeram
735 613 788 655 cur
811 613 827 656 e
852 597 978 674 sapienti

152 700 203 749 760
222 683 310 743 stulta
334 691 421 763 queat
444 685 523 766 fieri,
546 702 601 745 nec
623 683 754 762 prudens
777 685 816 744 sit
838 701 913 762 puer
935 679 1037 744 ullus?

221 765 231 855 ll
244 790 299 832 nec
321 780 382 832 tam
405 773 509 832 doctus
532 791 624 851 equae
645 771 743 850 pullus
762 789 850 850 quam
867 772 954 832 fortis
972 773 1044 849 equi
1063 773 1119 831 vis.
1136 768 1148 850 ΙΙ

223 859 349 940 scilicet,
371 863 403 921 in
425 868 529 921 tenero
552 869 738 921 tenerascere
761 877 885 938 corpore
907 866 1040 920 mentem
1125 881 1163 922 707

222 949 401 1026 confugient.
438 948 516 1028 quod
540 951 566 1009 si
588 951 648 1009 iam
670 949 715 1028 fit,
738 948 847 1008 fateare
870 954 1024 1008 necessest

152 1053 207 1103 765
220 1035 374 1096 mortalem
396 1054 462 1097 esse
485 1038 625 1117 animam,
649 1038 784 1114 quoniam
809 1042 920 1096 mutata
942 1053 998 1114 per
1020 1043 1105 1097 artus

152 1141 203 1191 705
222 1131 302 1185 tanto
327 1141 416 1203 opere
440 1127 548 1185 amittit
569 1127 659 1184 vitam
682 1142 860 1203 sensumque
883 1125 1023 1203 priorem.

224 1231 316 1291 quove
338 1213 425 1273 modo
448 1215 558 1291 poterit
579 1215 691 1292 pariter
713 1231 780 1273 cum
803 1230 926 1290 corpore
950 1229 1070 1290 quoque

223 1302 393 1361 confirmata
418 1304 550 1380 cupitum
573 1303 676 1361 aetatis
698 1307 819 1378 tangere
842 1300 946 1360 florem
1124 1324 1163 1362 770

222 1391 266 1448 vis
290 1391 394 1469 animi,
417 1391 476 1449 nisi
499 1391 556 1449 erit
578 1407 701 1449 consors
724 1390 755 1448 iu
779 1390 891 1466 origine
913 1384 1032 1466 prima?
1118 1444 1121 1449 .

153 1493 206 1544 770
221 1477 327 1555 quidve
350 1478 429 1537 foras
452 1476 510 1536 sibi
532 1476 594 1537 vult
616 1476 757 1537 membris
781 1478 861 1536 exire
885 1473 1037 1537 senentis?

153 1581 204 1631 770
223 1583 261 1625 an
283 1567 388 1625 metuit
411 1564 547 1625 conclusa
570 1583 689 1625 manere
711 1567 744 1624 in
767 1582 890 1643 corpore
912 1567 1007 1643 putri,

224 1660 254 1712 et
277 1652 381 1713 domus
405 1656 509 1714 aetatis
533 1655 686 1732 spatione
710 1654 787 1713 fessa
809 1659 925 1712 vetusto

224 1737 349 1801 obruat?
385 1747 415 1801 at
437 1759 496 1801 non
520 1748 589 1801 sunt
611 1740 770 1801 immortali
792 1739 851 1800 ulla
873 1739 993 1818 pericla.
1123 1763 1160 1803 ars

267 1827 399 1907 Denique
423 1828 548 1890 conubia
571 1829 607 1888 ad
630 1829 752 1889 Veneris
774 1835 935 1907 partusque
959 1829 1090 1888 ferarum

154 1933 209 1983 775
223 1935 288 1977 esse
312 1920 424 1977 animas
447 1925 564 1996 praesto
588 1916 784 1977 deridiculum
807 1935 872 1977 esse
895 1916 1026 1977 videtur:

154 2022 205 2070 775
225 2011 379 2084 expectare
402 2005 575 2065 immortalis
599 2004 732 2065 mortalia
754 2003 886 2065 membra

225 2096 380 2154 innumero
404 2112 540 2173 numero,
563 2100 735 2171 certareque
757 2099 1024 2171 praeproperanter

224 2184 302 2242 inter
326 2201 357 2242 se
381 2200 455 2261 quae
478 2183 574 2260 prima
596 2183 807 2260 potissimaque
830 2183 1012 2261 insinuetur3
1122 2203 1161 2242 730

225 2273 251 2330 si
274 2288 334 2330 non
357 2271 432 2330 forte
455 2272 495 2330 ita
519 2276 588 2329 sunt
610 2270 774 2329 animarum
797 2268 916 2329 foedera
938 2275 1036 2348 pacta,

154 2374 210 2424 780
223 2366 257 2418 ut
280 2377 354 2436 quae
376 2360 471 2437 prima
493 2357 594 2417 volans
617 2357 769 2417 advenerit
791 2359 959 2417 insinuetur

155 2463 206 2511 700
224 2447 333 2525 prima,
356 2464 452 2524 neque
475 2447 553 2505 inter
576 2464 608 2505 se
632 2444 809 2505 contendant
831 2443 943 2505 viribus
966 2443 1069 2504 hilum.

267 2531 401 2610 Denique
424 2535 455 2592 in
478 2533 596 2592 aethere
619 2552 678 2593 non
701 2532 801 2612 arhor,
824 2551 884 2592 non
906 2549 1034 2610 aequore
1058 2532 1137 2592 salso

225 2619 319 2681 nubes
343 2638 408 2680 0330
432 2628 555 2700 queunt,
578 2639 633 2680 nec
655 2623 753 2699 pisces
774 2623 872 2680 vivere
895 2622 1041 2700 ioannis,
1123 2642 1163 2683 735

224 2727 280 2768 neo
303 2727 392 2768 cruor
414 2710 445 2767 in
468 2707 555 2786 lignis
578 2727 675 2786 neque
698 2711 776 2769 saxis
800 2726 889 2768 sucus
912 2709 1019 2768 inesse.

155 2812 210 2863 785
225 2805 338 2857 certum
365 2815 398 2857 ao
426 2795 631 2877 dispositumst
652 2797 705 2857 uhi
728 2796 867 2875 quicquid
890 2804 1005 2856 crescat
1026 2801 1057 2857 et
1080 2798 1161 2856 insit.

155 2902 206 2951 785
227 2887 268 2945 sic
292 2887 382 2945 animi
405 2891 508 2945 natura
531 2887 634 2964 nequit
657 2888 720 2945 sine
744 2903 867 2964 corpore
890 2886 964 2944 oriri

225 2973 286 3034 sola
309 2992 406 3052 neque
430 2993 445 3033 a
469 2976 567 3033 nervis
591 2981 620 3034 et
644 2975 784 3052 sanguine
807 2972 934 3050 longiter
957 2990 1031 3032 0330.
1093 2985 1094 2988 ’

225 3061 303 3141 quod
327 3064 353 3121 si
374 3068 476 3141 posset
499 3064 591 3142 enirn,
613 3061 705 3122 multo
728 3064 812 3140 prius
835 3062 897 3138 ipsa
921 3061 1012 3120 animi
1033 3062 1080 3120 vis
1123 3083 1163 3122 roo

224 3153 256 3210 in
280 3152 374 3228 capite
398 3158 448 3210 aut
470 3152 581 3210 umeris
605 3157 654 3211 aut
676 3152 745 3209 imis
768 3147 897 3210 calcibus
920 3166 986 3208 esse

154 3255 209 3318 790
224 3245 326 3317 posset
349 3244 379 3298 et
400 3240 515 3299 innasci
538 3241 639 3316 quavis
661 3240 692 3297 in
715 3244 799 3316 parte
822 3235 943 3317 soleret,

155 3343 205 3392 700
224 3326 342 3387 tandem
360 3328 392 3386 in
411 3326 515 3387 eodem
532 3326 651 3387 homine
671 3332 756 3404 atque
776 3327 807 3384 in
826 3324 930 3385 eodem
948 3341 1016 3384 vase
1030 3341 1163 3386 manere.

226 3414 303 3493 quod
327 3417 465 3492 quoniam
486 3420 588 3474 nostro
613 3432 728 3492 qnoque
752 3419 866 3473 constat
889 3430 1013 3492 corpore
1037 3418 1164 3496 certum,

537 3497 779 3583 [roe]=a44.
