2430 3878
458 187 739 245 PROLEGOMENA.
1051 187 1104 242 VII

93 337 169 400 dom
200 338 307 398 contro
332 333 405 398 boec
431 333 549 415 ipocri,
582 333 728 397 materiai
754 337 902 397 naturam
928 352 991 397 ooo
1011 352 1104 414 posse

95 426 185 489 mam
197 423 265 486 sinc
278 423 405 486 numine
413 422 501 486 reddi
511 419 566 507 (l),
581 426 665 486 tanto
674 441 761 502 opere
775 472 799 485 ..
813 426 934 486 motare
947 423 1103 503 ..franpas-

94 532 153 594 qne
179 531 293 589 neore,
326 514 355 574 et
381 511 448 574 lom
474 515 572 574 cetero
598 509 753 592 (motulis
779 530 857 591 qnae
881 511 991 574 smdet
1015 511 1103 574 adire

95 651 102 664 .
119 651 126 664 .
145 605 175 664 et
189 619 239 664 res
253 619 313 680 per
330 599 448 662 ocomks
465 597 617 662 blanditer
634 597 743 677 saeclo,
756 598 940 682 propopem)
957 619 996 663 oe
1006 617 1103 680 penos

95 689 214 753 occidat
233 687 405 752 homonum
428 691 516 768 atque
538 687 647 750 boram
665 688 770 752 omnio
788 707 890 765 consa,
913 687 1103 751 constituisse

94 779 166 842 deos
192 796 262 840 cam
286 775 419 859 stupent,
448 774 581 839 omnibo’
607 774 696 839 rebus
724 825 756 838 ..
783 775 932 840 uideatur.
983 797 1019 838 ex
1046 778 1102 838 hoc

96 886 156 928 uno
190 866 337 947 exemplo,
373 868 431 927 nisi
463 864 559 947 lallor,
590 869 720 946 perspici
751 873 861 947 potest,
894 884 981 944 quam
1012 867 1103 926 luerit

96 954 339 1016 Bockemdllerus
372 973 388 1014 a
418 956 562 1014 sermonis
589 953 673 1015 latini
700 957 803 1015 notitia
834 955 983 1035 infirmus,
1015 972 1102 1032 quam

96 1047 218 1122 ignarus
250 1046 322 1103 artis
354 1045 473 1103 criticae
504 1042 618 1123 legum,
655 1061 742 1121 quam
774 1044 854 1102 omni
884 1041 981 1121 pulcri
1013 1060 1103 1102 sensu

97 1133 264 1193 destitutus.
312 1149 409 1209 neque
435 1138 533 1190 tamen
561 1133 625 1191 eins
652 1130 729 1191 liber
755 1149 815 1191 non
843 1132 900 1190 erit
926 1129 1102 1191 utilissimus

98 1220 133 1280 ad
156 1220 276 1280 Lucreti
303 1237 422 1280 carmen
449 1218 677 1299 emendandum,
706 1221 731 1279 si
758 1219 845 1279 modo
876 1221 942 1297 quis
965 1225 1049 1279 caute
1073 1225 1103 1278 et

97 1307 260 1388 prudenter
283 1315 382 1368 utatur
405 1314 434 1367 et
455 1306 593 1367 didicerit
611 1325 646 1367 ex
665 1307 789 1367 aliorum
808 1306 959 1367 erroribus
978 1307 1101 1367 discere.

185 1396 229 1456 Ex
249 1397 301 1476 eis,
322 1398 374 1474 qui
391 1403 459 1474 post
477 1394 731 1456 Roclremirllerum
749 1395 919 1456 Lucretium
938 1395 1102 1475 ediderunt,

98 1502 185 1544 nemo
207 1490 322 1544 tantum
344 1485 504 1563 praestitit,
530 1490 564 1543 ut
585 1483 642 1543 hoc
663 1482 727 1543 loco
750 1483 884 1544 videatur
906 1483 1102 1545 nominandus

97 1590 174 1632 esse.
206 1590 302 1650 neque
316 1579 415 1631 tamen
428 1571 544 1652 desunt,
559 1573 610 1650 qui
625 1590 691 1631 cum
705 1579 803 1650 partes
818 1575 957 1633 carminis
972 1572 1102 1652 ederent,

98 1661 135 1720 de
158 1660 205 1719 his
229 1660 419 1719 emendandis
441 1661 617 1720 meruerint:
642 1658 744 1719 lanum
765 1659 941 1740 Woltjerum
963 1660 1102 1720 Batavum

97 1749 179 1828 dico,
207 1750 258 1826 qui
280 1755 417 1827 excerpta
440 1766 476 1808 ex
499 1748 617 1808 Lucreti
641 1751 769 1808 carmine
795 1748 947 1809 emendata
970 1748 1103 1808 exhibuit

97 1840 131 1896 in
151 1836 244 1896 Sertis
262 1834 402 1896 Romanis
421 1854 495 1914 quae
514 1838 674 1917 inscripsit,
694 1843 723 1896 et
741 1835 906 1896 Samuelem
920 1835 1102 1917 Brandtium,

15 1966 22 1983 .
98 1927 153 2003 qui
174 1923 253 1984 idem
271 1924 341 1984 lecit
359 1927 390 1983 in
408 1923 525 2002 Eclogis
544 1931 697 2003 poetarum
715 1923 895 2004 Latinorum,
919 1943 991 2003 quas
1010 1924 1103 1984 edidit

98 2014 216 2091 Lipsiae
239 2013 271 2070 in
294 2011 415 2072 aedibus
438 2012 587 2072 Teubneri
610 2031 633 2071 a.
659 2009 753 2075 1881.

187 2099 252 2160 Non
284 2103 371 2179 pauci
402 2107 554 2178 praeterea
583 2103 640 2160 viri
673 2101 752 2160 docti
783 2102 814 2159 in
846 2100 1102 2160 dissertationibus

98 2187 320 2266 inauguralibus
344 2196 394 2248 aut
415 2191 448 2247 in
470 2187 577 2248 libellis
600 2187 646 2248 vel
662 2188 846 2248 scholasticis
864 2187 910 2247 vel
928 2188 1102 2248 academicis

99 2284 150 2337 aut
177 2275 242 2336 aliis
269 2278 300 2337 in
328 2276 538 2355 scriptionibus
565 2276 601 2336 de
626 2278 668 2336 eis
691 2276 780 2337 rebus
804 2278 999 2356 scripserunt,
1027 2295 1101 2354 quae
1181 2270 1183 2274 ’

99 2365 135 2425 ad
158 2364 333 2425 Lucretiana
357 2364 453 2424 studia
475 2367 665 2443 pertinerent.
707 2383 743 2424 ex
766 2363 873 2443 quibus
896 2363 946 2424 alii
964 2366 1102 2425 carminis

98 2453 189 2533 locos,
209 2455 259 2531 qui
278 2459 328 2512 aut
346 2455 478 2531 corrupti
496 2460 596 2513 essent
614 2459 664 2513 aut
681 2471 735 2532 pro
755 2454 901 2531 corruptis
915 2452 1102 2532 haberentur,

99 2541 257 2601 emendare
285 2543 382 2601 conati
410 2548 491 2621 sunt,
519 2540 569 2601 alii
595 2543 627 2600 in
654 2541 743 2601 rebus
766 2540 946 2620 explicandis
967 2543 1043 2601 viam
1067 2541 1103 2601 ad

99 2631 239 2695 carminis
274 2638 374 2708 partes
409 2629 550 2707 quasdam
581 2629 686 2689 melius
717 2629 953 2708 interpretandas
985 2632 1101 2689 munire

99 2716 287 2796 studuerunt,
309 2717 359 2776 alii
381 2716 417 2776 de
436 2717 555 2778 Lucreti
577 2718 740 2778 elocutione
760 2720 947 2796 quaestiones
967 2719 1102 2778 institue-

99 2813 179 2886 runt,
197 2805 247 2865 alii
265 2805 392 2883 denique
411 2805 447 2865 de
466 2807 531 2866 eius
549 2808 607 2866 vita
625 2812 711 2884 atque
731 2824 819 2883 opere
841 2807 867 2865 si
885 2805 955 2884 quid
969 2808 1102 2866 invenire

98 2900 222 2972 possent
249 2895 364 2972 experti
392 2901 467 2954 sunt.
514 2887 678 2972 exquibus
702 2911 761 2952 non
783 2895 869 2972 pauci
893 2912 926 2954 ea
948 2896 1102 2973 praestite-

99 2989 179 3061 runt,
200 2999 273 3060 quae
291 2983 440 3042 neminem
459 2984 597 3042 carminis
615 2981 785 3042 Lucretiani
803 2981 947 3043 editorem
965 2985 1101 3061 ignorare

98 3088 153 3148 par
181 3072 226 3129 sit.
268 3088 342 3148 quos
369 3087 542 3129 enumerare
570 3088 637 3130 cum
664 3088 724 3130 non
751 3070 839 3130 huius
866 3069 923 3130 loci
952 3072 1003 3152 sit,
1032 3073 1103 3131 satis

99 3159 170 3238 erit,
199 3160 316 3237 opinor,
344 3159 370 3217 si
396 3159 427 3217 in
455 3176 489 3217 eo
520 3176 607 3236 quem
636 3158 822 3219 subiecturus
851 3177 915 3220 sum
943 3158 1103 3219 lectionum

99 3247 250 3306 varietatis
278 3253 437 3324 conspectu
460 3245 640 3327 indicavero,
663 3246 715 3307 ubi
737 3265 771 3306 ea
794 3248 932 3327 quisque,
956 3265 1029 3325 quae
1054 3253 1105 3306 aut

99 3333 250 3413 probanda
273 3339 323 3394 aut
346 3341 425 3394 certe
449 3334 597 3394 afferenda
619 3337 681 3395 risa
704 3342 803 3415 erunt,
827 3337 988 3414 scripserit.

187 3421 248 3482 lam
279 3424 305 3481 si
336 3421 392 3481 hoc
423 3421 487 3483 loeo
519 3423 554 3482 de
587 3425 662 3483 meis
693 3425 757 3502 ipse
785 3422 891 3483 studiis
918 3422 1102 3484 Lucretianis

99 3510 215 3592 dixero,
240 3512 426 3572 necessitatis
452 3514 675 3575 excusationem
696 3530 785 3595 spero
806 3511 888 3572 milix
904 3518 1052 3591 paratum
1062 3512 1124 3566 ‘n'n
