2430 3878
151 207 215 273 104
637 205 676 260 IV

220 353 440 415 aeribusbinis
465 356 602 432 quoniam
625 372 674 414 res
697 354 787 414 confit
811 360 944 431 utraque.

150 459 299 508 2100000
326 460 359 502 ea
382 460 455 521 quae
479 441 565 502 nohis
587 441 788 502 membrorum
812 441 932 502 dextera
954 458 1024 519 pars
1047 447 1103 520 est,

151 533 253 600 291in
277 529 404 609 speculis
426 531 460 590 fit
482 537 515 590 ut
537 533 569 589 in
592 529 673 590 laeva
695 530 828 589 videatur
851 547 886 589 eo
910 528 988 608 quod

221 619 372 698 planitiem
395 618 432 678 ad
455 617 568 696 speculi
590 621 711 678 veniens
735 636 801 678 eum
825 617 947 677 offendit
969 619 1080 698 imago,

221 725 281 768 non
303 709 485 767 convertitur
507 705 677 786 ineolumiS,
700 706 753 766 sed
775 713 856 766 reeta
879 712 1044 766 retrorsum
1120 725 1156 766 sos

223 798 265 856 sio
289 795 421 875 eliditur,
444 802 478 855 ut
501 797 607 876 siquis,
630 797 713 873 prius
736 794 817 855 arida
841 813 929 873 quam
952 795 991 854 sit

152 901 204 950 280
223 890 320 944 cretea
343 900 482 963 persona,
505 883 614 943 adlidat
635 883 747 962 pilaeve
769 882 896 963 trabive,

152 981 310 1051 296atque
333 990 367 1032 ea
390 973 529 1032 continuo
553 979 664 1032 rectam
687 973 713 1031 si
735 971 811 1031 sorte
834 972 958 1050 figuram

224 1067 321 1121 servet
344 1067 373 1121 et
396 1059 498 1120 elisam
521 1067 601 1120 retro
626 1077 692 1120 sese
715 1061 860 1138 exprimat
882 1061 954 1138 ipsa.
1123 1081 1181 1128 ena¹

223 1150 274 1208 fiet
296 1151 350 1229 ita,
373 1156 440 1208 aute
464 1148 567 1209 oculus
589 1148 679 1209 fuerit
701 1149 753 1226 qui
776 1147 891 1228 dexter,
914 1154 947 1208 ut
969 1146 1049 1207 idem

223 1256 303 1298 nune
326 1239 365 1297 sit
387 1236 500 1317 laeum,
523 1244 552 1297 et
576 1255 591 1296 e
614 1236 696 1297 laevo
720 1238 759 1296 sit
781 1246 883 1297 mutua
906 1235 1017 1295 dexter.
1124 1258 1164 1298 ers

154 1343 205 1392 nes
224 1327 257 1385 fit
280 1344 396 1405 quoque
420 1324 456 1385 de
480 1324 600 1404 speculo
624 1327 655 1385 in
679 1323 831 1403 speculum
852 1331 886 1384 ut
903 1323 1037 1384 tradatur
1054 1326 1164 1405 imago,

154 1432 205 1482 301
224 1416 353 1493 quinque
377 1415 465 1473 etiam
489 1431 575 1474 sexoe
598 1421 630 1473 ut
653 1414 718 1472 lieri
741 1412 897 1473 simulacra
920 1414 1043 1472 suerint.

224 1520 292 1562 nam
316 1519 517 1580 quaecumque
540 1508 621 1561 retro
644 1509 727 1579 parte
751 1503 891 1561 interiore
915 1499 1060 1581 latebunt,

224 1590 293 1650 iude
316 1597 428 1670 tamen,
452 1590 583 1667 quamvis
606 1597 683 1649 torte
706 1591 884 1668 penitusque
907 1596 1034 1670 remota,

226 1680 322 1738 omnia
345 1696 400 1755 per
421 1677 513 1737 flexos
537 1676 633 1737 aditus
656 1677 761 1737 educta
783 1677 884 1738 licebit
1126 1700 1168 1741 eoo

155 1765 360 1845 conpluribus
383 1765 456 1825 haec
479 1765 607 1844 speculis
631 1765 785 1826 videantur
807 1768 838 1825 10
861 1765 983 1825 aedibus
1008 1784 1084 1827 esse.

155 1872 210 1923 306
223 1873 318 1933 usque
342 1853 414 1913 adeo
437 1870 453 1914 e
476 1853 595 1931 speculo
618 1856 649 1913 in
673 1853 824 1932 speculum
847 1853 1009 1914 translucet
1031 1857 1143 1935 imago,

226 1950 256 2002 et
279 1961 346 2003 eum
368 1941 448 2001 laeva
471 1940 579 2022 datast,
601 1942 635 2002 lit
656 1960 775 2002 rursum
798 1949 832 2002 ut
854 1942 975 2002 dextera
996 1942 1059 2023 fiat,

226 2031 295 2091 inde
319 2038 399 2090 retro
423 2048 542 2090 rursum
564 2030 642 2090 redit
664 2037 694 2091 et
717 2032 861 2091 convertit
884 2030 996 2091 eodem.

227 2122 298 2198 quin
322 2121 409 2179 etiam
434 2136 635 2197 quaecumque
658 2117 801 2179 latuscula
825 2126 894 2179 sunt
917 2117 1107 2198 speculorum
1125 2140 1169 2182 seo

156 2225 206 2275 295
227 2207 354 2268 adsimili
376 2207 477 2267 lateris
499 2207 611 2267 flexura
634 2206 765 2285 praedita
788 2209 895 2287 nostri,

156 2313 207 2364 311
225 2296 345 2356 dextera
369 2301 524 2374 eapropter
546 2294 632 2355 nobis
655 2294 811 2355 simulacra
836 2296 1003 2375 remittunt,

227 2392 277 2444 aut
299 2386 367 2463 quia
391 2383 426 2442 de
450 2383 570 2462 speculo
592 2385 624 2442 in
647 2383 800 2461 speculum
822 2384 1000 2444 transfertur
1022 2385 1132 2464 imago,

227 2472 295 2532 inde
319 2471 355 2530 ad
378 2489 432 2530 nos
456 2471 527 2531 elisa
550 2470 597 2531 bis
620 2471 746 2552 advolat,
769 2475 931 2532 autetiam
954 2471 1032 2550 quod

227 2562 339 2620 circum
363 2561 467 2638 agitur,
490 2577 558 2619 eum
581 2562 673 2639 venit,
696 2562 792 2638 imago
815 2568 971 2639 propterea
995 2560 1073 2639 quod
1125 2583 1167 2623 seo

157 2667 208 2715 300
227 2648 302 2707 flexa
324 2648 417 2725 ligura
441 2646 526 2707 docet
549 2646 663 2727 speculi
685 2650 851 2709 convertier
873 2649 910 2709 ad
932 2666 994 2708 nos.

156 2753 211 2804 316
224 2734 382 2814 indugredi
404 2753 493 2814 porro
515 2738 627 2814 pariter
650 2735 805 2797 simulacra
828 2736 992 2816 pedemque

227 2841 337 2903 ponere
360 2823 516 2884 nobiscum
539 2824 641 2884 credas
665 2832 838 2903 gestumque
862 2827 972 2885 imitari

227 2919 383 2993 propterea
407 2914 488 2994 quia,
511 2912 546 2972 de
570 2911 684 2991 speculi
706 2931 762 2992 qua
784 2922 868 2992 parte
892 2913 1027 2994 recedas,

229 3004 367 3062 continuo
390 3007 542 3084 nequeunt
564 3000 645 3065 illinc
669 3001 824 3066 simulacra
843 3005 964 3087 reverti,
1126 3027 1168 3068 00

157 3109 208 3158 305
228 3094 326 3154 omnia
349 3093 586 3173 quandoquidem
610 3097 688 3175 cogit
710 3104 814 3157 natura
837 3096 944 3157 referri

157 3197 263 3249 321ac
285 3181 402 3243 resilire
426 3182 461 3243 ab
484 3184 574 3244 rebus
598 3183 633 3244 ad
657 3203 765 3264 aequos
789 3185 903 3246 reddita
926 3185 1032 3247 nexus

271 3264 280 3354 ll
295 3270 453 3350 Splendida
475 3291 564 3352 porro
588 3272 665 3333 oeuli
687 3273 813 3352 fugitant
836 3276 986 3354 vitantque
1010 3273 1101 3336 tueri:
1128 3297 1168 3337 noe

228 3358 272 3419 sol
295 3361 384 3420 etiam
408 3368 520 3442 caecat,
543 3369 645 3422 contra
669 3364 694 3422 si
718 3363 839 3423 tendere
861 3381 981 3443 pergas,
1127 3387 1169 3426 eoo

222 3455 384 3526 propterea
407 3450 475 3527 quia
499 3451 543 3509 vis
565 3458 699 3529 magnast
721 3453 829 3533 ipsius,
853 3459 882 3512 et
905 3451 961 3512 alte

136 3551 195 3599 310
212 3539 285 3595 aera
304 3555 367 3616 per
386 3556 503 3619 purum
526 3541 659 3621 graviter
683 3539 846 3602 simulacra
862 3540 998 3599 teruntur
