2430 3878
163 183 204 248 18
656 180 669 233 Ῑ

163 335 215 384 616
233 345 357 407 corpora
380 327 555 388 constabunt
578 346 614 388 er
636 327 770 407 partibus
792 326 929 408 infinitis3

234 417 342 495 quippe
364 415 416 476 ubi
439 415 576 476 dimidiae
599 417 691 494 partis
714 433 782 495 pars
806 432 923 494 semper
944 413 1067 477 habebit

234 503 385 564 dimidiam
408 510 534 585 partem,
556 521 612 563 nec
635 522 683 564 res
705 504 860 582 praefiniet
882 501 949 563 ulla.

234 609 304 670 ergo
327 610 427 653 rerum
450 594 528 652 inter
551 609 694 652 summam
716 594 926 669 minimamque
950 591 1021 670 quid
1044 589 1142 654 escit?

164 686 222 739 620
235 679 278 740 nil
300 682 357 740 erit
379 685 412 740 ut
435 678 556 741 distent:
579 697 646 739 nam
670 682 801 758 quamvis
824 678 956 739 funditus
980 682 1077 741 omnis
1127 695 1164 735 no

166 774 217 824 615
237 786 350 828 summa
373 769 411 827 sit
433 767 560 848 infinita,
582 774 693 848 tamen,
715 769 889 847 parvissima
912 784 986 845 quae
1010 774 1094 850 sunt,

235 874 271 916 ex
294 857 418 916 infinitis
441 854 616 916 constabunt
637 855 771 934 partibus
794 873 894 934 aeque.

236 943 313 1024 quod
336 946 474 1023 quoniam
497 947 571 1004 ratio
595 943 734 1004 reclamat
755 961 824 1004 vera
846 949 991 1022 negatque

236 1031 358 1092 credere
380 1048 468 1111 posse
491 1034 635 1112 animum,
658 1034 752 1092 victus
775 1032 884 1092 fateare
905 1038 1060 1092 necessest

166 1125 223 1177 625
237 1137 302 1179 esse
326 1138 359 1180 66
383 1137 456 1198 quae
479 1119 568 1181 nullis
591 1122 649 1180 iam
671 1119 802 1199 praedita
824 1117 958 1198 partibus
981 1126 1083 1180 extent
1127 1132 1166 1174 666

166 1215 218 1264 oro
237 1214 267 1267 et
288 1210 410 1270 minima
433 1215 569 1269 constent
590 1215 702 1268 natura.
740 1226 813 1286 quae
837 1209 974 1286 quoniam
998 1214 1081 1288 sunt,

237 1294 286 1355 illa
309 1312 425 1374 quoque
449 1314 514 1356 esse
537 1296 592 1356 tibi
616 1295 708 1356 solida
730 1302 817 1374 atque
841 1302 960 1356 aeterna
982 1295 1142 1357 fatendum.

238 1381 364 1461 denique
388 1385 414 1442 si
436 1386 572 1443 minimas
594 1386 625 1443 in
647 1386 740 1463 partis
763 1390 868 1444 cuncta
890 1382 998 1443 resolvi

238 1487 342 1549 cogere
365 1479 538 1531 consuesset
559 1489 659 1531 rerum
682 1478 785 1532 natura
808 1473 947 1551 creatrix,

168 1564 223 1616 630
236 1560 295 1617 iam
317 1557 360 1617 nil
382 1576 418 1618 ex
440 1558 498 1619 illis
522 1558 623 1619 eadem
646 1576 783 1638 reparare
806 1559 915 1619 valeret
1129 1573 1168 1614 seo

168 1653 219 1702 625
237 1652 393 1724 propterea
416 1649 497 1727 quia,
521 1664 595 1725 quae
618 1646 707 1707 nullis
731 1655 799 1708 sunt
820 1646 953 1726 partibus
976 1654 1075 1729 aucta,
1148 1648 1165 1655 ’

238 1751 298 1793 non
319 1742 443 1812 possunt
465 1753 499 1795 ea
522 1753 596 1814 quae
620 1734 707 1795 debet
729 1735 865 1813 genitalis
886 1732 994 1795 habere

238 1824 389 1902 materies,
412 1825 508 1883 varios
531 1841 660 1883 conexus
683 1823 813 1903 pondera
834 1823 934 1902 plagas

231 1927 398 1971 ,concursus
421 1918 531 1991 motus,
553 1929 607 1991 per
630 1929 703 1989 quae
726 1929 775 1971 res
799 1929 931 1990 quaeque
955 1917 1106 1988 geruntur.

169 2003 223 2056 635
294 1997 477 2077 Quapropter
500 2001 552 2078 qui
574 2001 727 2059 materiem
749 2017 850 2059 rerum
872 2016 937 2058 esse
960 2004 1102 2077 putarunt
1130 2013 1169 2055 666

169 2093 220 2142 636
238 2086 336 2164 ignem
359 2092 446 2164 atque
470 2105 505 2146 ex
528 2088 590 2166 igni
613 2104 756 2147 summam
779 2089 941 2147 consistere
964 2086 1040 2168 6616,

238 2191 342 2253 magno
367 2192 455 2253 opere
478 2192 585 2235 avere
608 2174 682 2254 lapsi
704 2177 818 2235 ratione
840 2169 984 2235 videntur.

237 2261 402 2323 Heraclitus
424 2265 480 2323 init
502 2281 628 2342 quorum
651 2263 710 2323 dux
732 2262 843 2341 proelia
866 2264 993 2343 primus,

238 2349 334 2410 clarus
356 2347 391 2412 ob
415 2349 570 2411 obscuram
593 2350 721 2428 linguam
744 2352 838 2429 magis
860 2352 939 2410 inter
961 2352 1057 2410 inanis

168 2443 221 2494 646
236 2437 359 2516 quamde
383 2441 478 2516 gravis
501 2441 579 2499 inter
602 2438 718 2519 Graios,
741 2441 792 2517 qui
814 2456 883 2499 vera
905 2440 1074 2516 requirunt:
1130 2453 1171 2493 646

169 2530 219 2580 635
239 2527 336 2584 omnia
359 2529 438 2585 enim
462 2526 561 2586 stolidi
583 2529 675 2604 magis
699 2526 880 2587 admirantur
903 2533 1073 2607 amantque,

238 2614 363 2672 inversis
387 2631 461 2692 quae
485 2613 539 2674 sub
562 2613 659 2674 verbis
682 2614 824 2675 latitantia
847 2622 984 2693 cernunt,

237 2708 363 2779 veraque
387 2703 571 2762 constituunt
593 2719 667 2780 quae
689 2701 765 2762 belle
787 2710 908 2780 tangere
930 2709 1055 2780 possunt

238 2790 317 2848 auris
341 2795 370 2849 et
392 2788 489 2868 lepido
513 2807 587 2868 quae
611 2797 679 2850 sunt
701 2791 797 2851 fucata
820 2808 934 2850 sonore.

168 2883 222 2934 645
281 2875 355 2936 Nam
377 2884 512 2938 curtam
534 2879 630 2938 variae
654 2895 703 2937 666
725 2885 846 2958 possent
869 2896 949 2958 6666,
972 2880 1105 2958 requiro,
1130 2891 1170 2933 ors

168 2971 219 3019 646
238 2982 274 3024 er
296 2983 355 3025 uno
379 2968 405 3025 si
428 2972 496 3026 sunt
518 2968 580 3044 igni
602 2983 735 3044 puroque
759 2963 895 3027 creatae?

236 3051 278 3111 nil
300 3052 455 3131 prodesset
478 3056 556 3114 enim
579 3053 706 3114 calidum
729 3054 881 3115 denserier
903 3055 1002 3132 ignem

237 3157 292 3199 nec
314 3142 458 3222 rarefieri,
482 3144 508 3201 si
530 3148 629 3220 partes
652 3144 729 3221 ignis
752 3142 875 3203 eandem

237 3233 371 3288 naturam
394 3247 481 3308 quam
503 3237 582 3290 totus
604 3229 693 3290 habet
716 3249 805 3311 super
827 3232 904 3309 ignis
927 3229 1078 3290 haberent.

168 3321 222 3372 650
237 3317 333 3374 acrior
356 3316 442 3377 ardor
464 3320 544 3378 enim
567 3317 719 3378 conductis
742 3318 874 3398 partibus
899 3324 991 3399 esset,
1130 3330 1170 3372 ⁶⁶0

168 3408 217 3458 645
237 3402 401 3482 languidior
423 3423 512 3484 porro
536 3406 667 3466 disiectis
691 3404 798 3486 desque
822 3408 947 3486 supatis:

232 3491 360 3571 amplius
382 3492 439 3554 hoc
462 3494 529 3555 fieri
550 3493 594 3556 nil
616 3502 662 3556 cst
684 3495 763 3575 quod
785 3513 872 3574 posse
895 3496 989 3555 rearis
