2430 3878
152 235 215 302 102
638 233 678 288 IV

220 389 374 462 praeterea
396 383 424 442 si
447 399 521 459 quae
543 382 662 460 penitus
686 379 861 460 corpuscula
883 398 985 441 rerum

151 486 257 537 200011
281 470 397 549 altoque
420 469 499 529 foras
522 472 693 550 mittuntur,
716 469 788 530 solis
810 471 856 530 uti
877 468 927 530 lux
1121 489 1159 528 roo

221 579 255 619 ac
277 577 381 639 vapor,
403 557 475 617 hacc
498 565 607 636 puncto
631 564 795 618 cernuntur
816 557 897 637 lapsa
916 557 976 617 diei

150 663 206 716 200
219 666 274 726 per
296 654 390 707 totum
414 645 488 705 caeli
510 648 638 724 spatium
661 645 825 706 diffundere
850 663 915 706 sese

151 751 207 802 137
221 753 333 813 perque
355 734 453 794 volare
475 752 557 794 mare
581 753 614 794 ac
636 741 731 794 terras
755 733 927 813 caelumque
950 735 1063 812 rigare:
1121 755 1159 795 soa

222 823 294 902 quid
317 841 391 902 quae
415 828 485 883 sunt
506 824 597 901 igitur
619 824 678 882 iam
699 824 795 901 prima
818 823 914 882 fronte
936 818 1061 900 parata?

152 929 204 977 210
223 930 290 972 cum
313 913 461 972 iaciuntur
484 918 514 970 et
536 913 679 971 emissum
701 928 750 971 res
773 909 854 971 nulla
875 917 1022 991 moratur,
1122 931 1160 972 sos

222 1018 320 1060 nonne
343 999 425 1060 vides
449 1001 537 1059 citius
561 998 669 1059 dehere
693 1006 723 1059 et
745 998 861 1077 longius
884 1001 928 1059 ire

151 1104 206 1157 205
220 1088 432 1168 multiplexque
455 1087 513 1147 loci
537 1090 664 1166 spatium
686 1094 890 1148 transcurrere
913 1086 1017 1147 eodem

222 1184 354 1256 tempore
379 1194 447 1255 quo·
461 1175 531 1235 solis
553 1175 726 1256 pervolgant
747 1175 859 1236 lumina
881 1170 1019 1236 caelum?

223 1265 279 1326 hoc
302 1267 391 1325 etiam
413 1267 445 1324 in
467 1266 571 1343 primis
595 1267 745 1344 specimen
767 1282 871 1325 verum
893 1281 960 1324 esse
982 1262 1114 1344 videtur,

153 1369 205 1419 210
224 1372 311 1432 quam
335 1353 425 1413 celeri
447 1360 529 1413 motu
551 1371 654 1413 rerum
676 1352 831 1413 simulacra
854 1352 1001 1431 ferantur,
1125 1373 1164 1415 aro

224 1441 302 1520 quod
326 1440 414 1501 simul
437 1459 470 1500 ac
492 1443 622 1520 primum
646 1441 701 1501 sub
725 1441 776 1501 diu
799 1440 940 1520 splendor
962 1442 1052 1520 aquai

152 1545 210 1596 210
222 1532 356 1610 ponitur,
379 1528 525 1607 extemplo
549 1528 629 1590 caelo
654 1529 788 1589 stellante
813 1547 917 1589 serena

224 1616 321 1677 sidera
345 1616 579 1696 respondentia
602 1636 676 1695 aqua
699 1617 843 1678 radiantia
865 1617 976 1678 mundi

224 1707 320 1765 iamne
343 1704 425 1764 vides
448 1707 649 1784 igiturquam
672 1714 781 1784 puncto
803 1713 937 1785 tempore
960 1707 1058 1784 imago

154 1809 206 1859 220
224 1793 352 1854 aetheris
375 1811 412 1853 ex
435 1795 496 1853 oris
518 1795 550 1852 in
572 1800 720 1854 terrarum
743 1794 855 1854 accidat
877 1790 966 1854 oras?

225 1899 316 1961 quare
339 1883 427 1941 ctiam
450 1888 537 1960 atque
561 1884 649 1942 etiam
671 1884 745 1942 mira
768 1883 878 1942 fateare
900 1889 1054 1943 necessest

650 1990 667 2027 11(

153 2073 211 2126 237
225 2077 304 2119 nunc
327 2077 360 2118 ea
384 2076 458 2137 quae
481 2057 547 2118 dico
570 2077 671 2118 rerum
694 2057 849 2119 simulacra
871 2059 1009 2119 feruntur

224 2147 355 2225 undique
378 2148 461 2207 etin
484 2154 604 2207 cunctas
627 2149 775 2208 iaciuntur
798 2146 890 2206 didita
912 2148 1019 2227 partis;

153 2250 211 2303 240
223 2243 381 2315 propterea
404 2235 516 2316 rituti,
540 2237 668 2314 speciem
693 2253 750 2314 quo
773 2237 928 2316 vertimus,
951 2252 1055 2295 omnes

154 2340 206 2389 220
225 2342 274 2384 res
297 2323 339 2382 ihi
362 2341 427 2382 eam
449 2331 552 2383 contra
574 2323 682 2383 feriant
703 2323 797 2383 forma
819 2331 906 2402 atque
930 2322 1036 2383 colore.

224 2429 327 2472 verum
350 2429 404 2470 nos
428 2411 521 2471 oculis
545 2413 613 2489 quia
636 2411 707 2471 solis
730 2428 852 2472 cernere
876 2413 995 2491 quimus

648 2518 666 2557 e

225 2594 255 2646 et
278 2593 419 2665 quantum
443 2605 577 2666 quaeque
600 2587 635 2648 ab
659 2587 745 2648 nobis
767 2605 816 2649 res
839 2586 929 2669 absit,
951 2590 1048 2668 imago

226 2675 316 2734 elficit
338 2682 371 2733 ut
394 2674 543 2735 videamus
566 2682 597 2736 et
618 2678 820 2736 internoscere
843 2683 940 2737 curat:

225 2781 292 2822 nam
316 2781 384 2822 cum
405 2764 546 2844 mittitur,
569 2764 715 2843 extemplo
737 2765 886 2843 protrudit
908 2767 1027 2844 agitque

154 2868 207 2917 230
226 2856 293 2911 aera
316 2854 368 2930 qui
390 2853 469 2912 inter
492 2870 523 2912 sc
547 2859 703 2931 cumquest
725 2853 883 2932 oculosque
907 2852 1033 2935 locatus,

154 2954 211 3007 246
225 2941 310 3018 isque
334 2943 374 3000 ita
396 2958 450 3018 per
472 2948 588 3001 nostras
612 2944 691 3001 acies
713 2940 877 3020 perlabitur
899 2943 996 3002 omnis

226 3035 256 3088 et
278 3030 363 3106 quasi
385 3035 535 3106 perterget
556 3028 683 3108 pupillas
706 3036 793 3108 atque
816 3032 858 3091 ita
879 3032 994 3091 transit
1124 3053 1163 3093 sea

225 3124 382 3195 propterea
404 3117 437 3175 iit
459 3119 503 3177 uti
526 3117 676 3178 videamus
700 3136 788 3197 quam
809 3117 913 3197 procul
935 3118 1012 3179 absit
1123 3142 1162 3182 ru

224 3222 273 3264 res
297 3223 438 3283 quaeque.
476 3212 506 3266 et
528 3213 637 3284 quanto
659 3205 726 3285 plus
750 3208 828 3267 atris
851 3214 918 3267 aute
942 3209 1069 3286 agitatur
1124 3229 1163 3271 aso

154 3307 205 3358 200
225 3301 255 3352 01
277 3300 394 3353 nostros
418 3293 518 3354 oculos
541 3302 692 3372 perterget
714 3294 830 3374 longior
852 3313 935 3376 aura,
1123 3318 1163 3359 res

146 3388 283 3451 2511010
305 3380 409 3460 procul
432 3400 498 3442 esse
520 3384 614 3461 magis
637 3400 686 3443 res
709 3401 843 3462 quaeque
865 3390 979 3444 remota
1001 3385 1126 3446 videtur.

219 3468 349 3552 scilicet,
372 3469 446 3531 haec
470 3488 584 3531 summe
608 3470 700 3532 celeri
721 3473 834 3532 ratione
858 3480 1014 3554 geruntur,

405 3556 923 3642 [mr-aasi=uoai-esa.
