2430 3878
427 193 708 251 PROLEGOMENA.
1034 194 1072 250 XI

64 359 142 420 quae
171 348 240 401 sunt
267 344 298 403 in
326 341 468 421 epistulae
496 341 532 402 ad
559 342 665 403 Herod.
688 361 750 422 par.
773 339 830 423 43,
863 361 937 421 quae
965 341 1071 402 deinde

63 428 218 489 emendavi
259 432 289 490 in
330 428 429 490 libello
471 430 645 494 scholastico
685 430 766 490 Halis
807 449 831 490 a.
870 427 956 492 1884
992 430 1071 490 edito

63 537 90 596 p.
107 515 148 579 16
164 525 223 577 not.
247 517 364 577 libellus
386 518 572 578 inscribitur:
595 518 647 578 Die
670 518 874 596 Urbewegung
897 518 950 578 der
967 517 1070 578 Atome

63 605 111 665 bei
125 605 257 685 Leucipp
271 606 332 666 und
343 605 502 667 Demokrit.
521 609 552 666 in
567 606 688 666 alterius
701 606 770 666 lihri
784 626 809 666 v.
822 605 1070 685 718Bernaysius

63 700 178 774 peccat,
221 712 288 755 eum
329 694 432 754 scribit
476 693 580 756 eadem
619 693 700 756 ratio
741 693 936 756 disterminat
974 712 1081 776 omne,

63 785 203 860 ignorans
236 801 310 860 quae
344 784 383 842 sit
408 782 530 861 Epicuri
561 782 597 843 de
625 783 802 844 mundorum
830 793 860 844 et
881 781 1069 843 multitudine

64 877 92 929 et
115 870 286 930 diversitate
310 871 451 931 doctrina.
493 878 626 931 ceterum
648 874 679 931 in
707 871 809 931 eadem
831 889 901 931 voce
925 873 983 930 iam
1002 878 1069 930 ante

64 960 182 1039 erravit,
205 960 237 1018 iu
261 955 460 1019 l.lv.1093
484 976 571 1021 omne
592 962 670 1019 inter
693 959 766 1019 caeli
791 968 944 1038 terraeque
968 961 1068 1018 ruinas

64 1048 93 1105 in
121 1048 209 1106 inane
237 1047 417 1124 profundum
445 1046 525 1107 abire
554 1047 668 1128 dicens,
696 1050 781 1126 quasi
808 1047 837 1107 id
861 1050 958 1125 ipsum
981 1049 1068 1106 inane

63 1134 243 1212 profundum
262 1153 322 1194 non
341 1137 404 1196 eius
424 1135 501 1213 quod
521 1153 606 1195 omne
626 1143 757 1214 estpars
777 1138 822 1195 sit.
855 1153 950 1213 neque
970 1137 1068 1194 minus

63 1241 95 1282 re
110 1241 215 1301 parum
229 1231 383 1302 perspecta
399 1241 499 1283 errore
515 1223 589 1302 lapsi
599 1243 623 1283 v.
635 1220 697 1285 381
713 1221 814 1284 animi
825 1221 944 1284 ratione
953 1230 1067 1281 mutare

63 1313 126 1372 ausi
138 1319 207 1371 sunt
216 1310 420 1372 Lachmannus
430 1311 607 1391 Bemaysius
617 1311 734 1372 Munro:
749 1311 826 1390 quod
836 1309 938 1371 animi
950 1309 1069 1370 ratione

62 1401 251 1460 verissimum
280 1406 338 1459 est:
366 1418 433 1460 nam
461 1418 520 1460 non
542 1407 667 1479 possunt
690 1399 766 1459 oculi
789 1409 922 1460 naturam
945 1417 1068 1459 noscere
1131 1454 1137 1463 .

63 1506 179 1568 rerum,
207 1490 299 1548 animi
328 1491 403 1548 ratio
426 1494 537 1568 potest,
560 1487 596 1547 cl.
619 1488 655 1547 lV
674 1485 856 1551 362-369.
886 1521 927 1530 -
950 1494 1068 1566 praeter

63 1575 92 1635 id
131 1583 219 1655 caput
251 1575 328 1654 quod
361 1583 406 1636 est
438 1576 474 1635 de
506 1583 670 1636 atomorum
701 1584 796 1656 motu,
827 1575 904 1637 haud
937 1578 999 1635 seio
1032 1593 1068 1634 an

62 1662 227 1744 plerisque,
259 1666 310 1742 qui
341 1663 511 1724 Lucretium
544 1664 699 1724 emendare
733 1664 923 1744 studuerunt,
955 1662 1067 1724 nullum

63 1751 219 1811 obscurius
252 1751 354 1832 luerit,
386 1770 472 1830 quam
504 1751 576 1812 illud
610 1752 686 1831 quod
715 1751 750 1812 de
779 1755 869 1812 animi
896 1754 1067 1830 animaeque

62 1847 168 1899 natura
196 1847 252 1900 est:
281 1838 317 1900 de
348 1858 405 1918 quo
432 1858 480 1900 me
509 1840 575 1900 data
598 1859 686 1919 opera
710 1840 875 1919 disputasse
898 1843 955 1900 iam
980 1858 1067 1917 supra

63 1927 158 1987 docui.
204 1945 290 2006 quam
314 1927 541 2007 disputationem
565 1931 616 2006 qui
638 1928 755 2008 legerit,
779 1928 863 1988 facile
887 1930 930 1988 eis
953 1930 1066 1986 veniam

63 2015 157 2096 dabit,
195 2018 245 2094 qui
282 2023 331 2076 aut
368 2018 462 2076 secuti
496 2015 639 2076 librorum
678 2019 879 2077 auctoritatem
917 2023 966 2076 aut
1003 2034 1067 2074 eam

63 2111 238 2182 spernentes
257 2101 398 2165 animam
415 2122 469 2183 pro
488 2102 601 2179 eninm,
620 2102 762 2164 animum
779 2122 832 2182 pro
852 2101 961 2164 onemo
975 2106 1066 2181 scrip-

63 2198 181 2271 serunt,
204 2192 283 2270 quod
306 2211 322 2251 a
345 2210 404 2251 non
427 2194 529 2270 paucis
551 2192 659 2252 factum
684 2199 729 2251 est
751 2192 797 2250 his
821 2190 838 2250 l.
858 2191 896 2250 lll
920 2191 1067 2250 versibus:

61 2275 114 2340 43.
134 2276 209 2342 237.
229 2277 302 2341 309.
321 2278 394 2361 678,
412 2282 542 2358 itemque
561 2279 578 2338 l.
598 2276 700 2340 v524
719 2286 748 2338 et
762 2275 835 2358 528,
854 2278 890 2337 de
909 2297 966 2356 qua
984 2296 1016 2337 re
1036 2281 1067 2337 in

62 2368 224 2428 lectionum
234 2375 402 2447 conspectu,
412 2386 500 2446 quem
510 2368 661 2448 subiciam,
673 2374 891 2446 quantumopus
900 2366 1066 2426 eritdicam.

63 2456 98 2517 de
115 2459 223 2516 ceteris
237 2456 272 2516 ad
287 2456 343 2515 hoc
351 2474 443 2534 genus
453 2456 669 2535 pertinentibus
679 2455 723 2516 vel
735 2455 770 2515 de
781 2473 815 2515 ea
826 2472 912 2533 quam
922 2456 1065 2532 attingere

61 2547 159 2604 visum
179 2551 224 2604 est
241 2550 323 2622 parte
343 2561 446 2604 eorum
465 2547 523 2604 iam
542 2544 704 2604 secundum
722 2543 866 2603 librorum
885 2550 915 2603 et
928 2561 1067 2603 versuum

62 2632 199 2692 ordinem
218 2632 321 2692 dicam.
336 2664 378 2674 -
393 2632 411 2692 l.
425 2633 465 2692 lll
478 2652 503 2692 v.
518 2630 582 2694 282
602 2650 660 2692 non
680 2631 866 2692 offenderunt
885 2633 916 2690 in
935 2649 970 2690 eo
989 2630 1066 2709 quod

62 2728 108 2781 est
140 2716 226 2800 ellim
258 2738 283 2779 v.
313 2717 378 2782 289
410 2720 544 2799 probavit
573 2720 776 2781 Lachmannus
807 2723 934 2799 primus,
966 2721 1066 2778 nescio

62 2827 120 2887 qua
140 2807 301 2886 elegantiae
321 2810 419 2887 specie
433 2808 582 2888 deceptus,
595 2807 666 2868 illud
681 2808 816 2868 Lambini
830 2803 923 2868 oculis
938 2803 1067 2881 orcibeta,

61 2915 131 2956 cum
163 2898 194 2955 in
226 2895 310 2956 libris
339 2899 377 2955 sit
404 2894 519 2956 acrius:
553 2896 630 2974 quod
657 2903 815 2974 utrumque
843 2893 971 2954 declarat
999 2914 1067 2954 eum

60 3002 122 3044 uon
135 2986 333 3064 perspexisse,
347 2983 417 3061 quid
431 2983 586 3044 Lucretius
601 2983 729 3064 doceret,
744 2984 779 3043 cf.
793 2981 891 3061 philol.
903 2983 1005 3043 XXVII
1016 2981 1066 3044 36.

61 3109 106 3120 —
134 3077 153 3138 l.
176 3076 213 3136 lV
231 3097 255 3137 v.
277 3072 339 3138 795
356 3076 566 3136 ·Lachmannus
592 3079 718 3136 traicere
741 3075 843 3135 maluit
865 3083 932 3154 post
957 3095 980 3135 v.
1001 3073 1064 3137 782

61 3183 153 3244 quam
176 3183 231 3225 suo
253 3164 317 3225 loco
340 3163 447 3225 leniter
466 3171 630 3224 correctum
650 3166 793 3224 retinere:
817 3164 923 3242 quodsi
941 3171 1064 3244 teneret,

59 3275 135 3336 quae
159 3255 305 3334 Epicurus
333 3255 369 3314 de
393 3253 527 3315 sensibili
548 3261 680 3332 tempore
704 3247 876 3336 (αἰσθητὸς
899 3255 926 3312 ei
948 3252 1067 3333 χρόνος

59 3339 120 3428 est)
155 3344 267 3425 docuit,
303 3345 486 3424 retinuisset,
522 3361 589 3402 cum
616 3343 790 3421 praesertim
817 3341 916 3401 videre
946 3341 1067 3401 deberet

58 3433 158 3494 medio
195 3451 283 3492 versu
320 3431 434 3491 sublato
470 3431 622 3491 rationalia
659 3438 791 3508 tempora
823 3432 923 3509 inepte
957 3431 1066 3507 opponi

57 3524 196 3602 tempori.
250 3519 269 3581 l.
295 3519 319 3579 V
345 3516 409 3581 419
442 3538 485 3603 sq.
519 3520 592 3583 dicit
621 3518 784 3583 Lucretius
816 3526 904 3581 certa
933 3517 1088 3596 quaecum
