2430 3878
586 212 626 267 VI
1045 210 1108 275 179

97 368 159 422 280
176 359 337 421 mobilitate
362 360 494 441 calescit,
517 367 547 420 et
570 378 586 420 e
609 359 781 438 contagibus
804 362 890 439 ignis.
1070 381 1110 422 sao

172 448 241 510 inde
264 448 316 510 ubi
337 448 481 528 percaluit
503 449 584 508 venti
604 449 649 508 vis
673 455 703 508 et
725 451 822 527 gravis
844 450 922 528 ignis

173 541 302 617 impetus
325 538 461 617 incessit,
483 542 631 597 maturum
654 542 717 597 tum
740 539 824 616 quasi
846 536 957 598 tulmen

174 625 340 706 perscindit
362 624 459 686 subito
483 624 605 705 nubem,
627 624 780 704 ferturque
804 628 935 686 coruscis

101 731 155 781 000
175 716 273 775 omnia
296 712 458 774 luminibus
480 712 610 773 lustrans
632 712 697 773 loca
718 716 850 793 percitus
873 713 969 774 ardor.
1081 716 1084 721 '

61 797 66 815 '
99 807 159 861 285
172 820 261 881 quem
283 804 380 881 gravis
402 803 571 880 insequitur
594 803 722 883 sonitus,
745 801 874 880 displosa
897 808 1019 881 repente
1069 822 1108 864 aaa

174 889 300 951 obruere
322 896 356 950 ut
379 889 453 949 caeli
474 888 628 951 videantur
650 888 759 968 templa
781 908 918 970 superne.

173 979 242 1039 inde
265 985 378 1038 tremor
399 983 495 1038 terras
517 979 646 1056 graviter
667 984 857 1058 pertemptat,
880 986 910 1039 et
932 976 1023 1039 altum

173 1084 325 1128 murmura
347 1073 526 1146 percurrunt
548 1065 674 1127 caelum:
697 1083 765 1125 nam
787 1072 848 1126 tota
870 1066 932 1127 iere
956 1073 1018 1127 tum

101 1172 154 1222 nea
172 1161 333 1235 tempestas
355 1171 498 1214 concussa
519 1156 621 1214 tremit
642 1154 839 1232 fremitusque
861 1161 1022 1214 moventur.

98 1249 157 1302 290
172 1261 231 1322 quo
254 1241 291 1302 de
314 1259 461 1303 concussu
484 1244 618 1320 sequitur
640 1244 737 1321 gravis
759 1242 856 1302 imber
877 1250 907 1303 et
929 1242 1015 1322 uber,
1069 1265 1108 1305 0οο

173 1333 269 1391 omnis
292 1333 337 1391 uti
357 1329 490 1391 videatur
512 1331 544 1390 in
566 1329 692 1390 imbrem
714 1333 826 1390 vertier
847 1331 949 1391 aether

174 1426 260 1498 atque
283 1421 324 1479 ita
346 1420 544 1497 praecipitans
566 1418 602 1478 ad
625 1418 765 1479 diluviem
787 1436 925 1479 revocare

596 1525 614 1565 ῃ

171 1602 272 1656 tantus
294 1595 419 1655 discidio
442 1594 530 1656 nubis
552 1597 692 1674 ventique
714 1595 843 1674 procella

100 1702 154 1751 290
173 1686 313 1764 mittitur,
336 1682 452 1745 ardenti
474 1685 587 1744 sonitus
611 1701 679 1744 cum
701 1683 833 1762 provolat
855 1686 924 1744 ictu.

100 1779 160 1833 295
172 1778 218 1833 est
239 1773 328 1833 etiam
350 1790 418 1833 cum
440 1774 484 1831 vis
508 1773 692 1833 extrinsecus
714 1774 805 1832 incita
827 1773 908 1832 venti
1067 1793 1106 1834 ns

172 1859 277 1921 incidit
298 1861 331 1919 in
353 1859 477 1920 calidam
499 1866 615 1920 maturo
637 1860 758 1920 fulmine
782 1859 904 1941 nubem3

173 1966 261 2027 quam
284 1965 352 2009 cum
373 1947 529 2028 perscidit,
552 1948 698 2026 extemplo
722 1949 801 2008 cadit
821 1950 926 2028 igneus
949 1947 998 2008 ille

171 2043 286 2117 vertex,
308 2053 397 2114 quem
418 2037 514 2114 patrio
537 2037 698 2096 vocitamus
722 2038 841 2096 nomine
863 2035 983 2096 fulmen.

100 2125 228 2192 0051100
250 2125 283 2184 fit
305 2124 384 2184 idem
407 2127 439 2183 in
461 2125 554 2203 partis
577 2123 661 2204 alias,
685 2141 871 2202 quocumque
893 2123 961 2184 tulit
983 2126 1036 2184 vis.

101 2221 156 2273 300
171 2214 206 2273 tit
227 2230 343 2291 quoque
366 2218 400 2273 ut
421 2212 571 2272 interdum
592 2213 673 2272 venti
694 2213 738 2271 vis
760 2213 852 2271 missa
874 2213 939 2272 sine
962 2213 1025 2290 igni
1066 2235 1106 2275 ooo

171 2303 297 2380 igniscat
318 2307 417 2361 umen
439 2302 471 2359 in
495 2301 589 2378 spatio
610 2298 756 2378 longoque
781 2305 893 2379 meatu,

172 2389 243 2451 dum
264 2390 345 2448 venit
367 2390 505 2448 amittens
527 2389 559 2447 in
582 2405 672 2448 cursu
694 2405 818 2466 corpora
841 2387 984 2466 quaedam

172 2477 306 2557 grandia,
329 2494 403 2555 quae
425 2482 578 2555 nequeunt
598 2477 710 2554 pariter
732 2481 888 2554 penetrare
910 2493 966 2555 per
989 2495 1087 2558 auras,
1160 2516 1164 2525 »

100 2584 152 2635 300
171 2571 259 2644 atque
282 2565 338 2625 alia
362 2582 398 2625 ex
420 2566 485 2643 ipso
509 2563 673 2624 conradens
696 2567 763 2625 aire
786 2571 884 2644 portat

100 2662 155 2714 305
170 2653 302 2733 parvola,
325 2670 400 2731 quae
422 2652 534 2713 iaciunt
555 2655 655 2731 ignem
678 2655 836 2713 commixta
857 2651 993 2734 voland03
1066 2673 1106 2716 eoa

171 2760 231 2802 non
255 2739 310 2801 alia
332 2741 418 2819 longe
441 2743 556 2803 ratione
579 2759 612 2801 ac
634 2740 772 2820 plumbea
795 2759 882 2819 saepe

171 2829 282 2891 fervida
304 2830 337 2889 lit
359 2829 441 2909 glans
464 2831 496 2888 in
519 2847 621 2910 cursu,
644 2846 712 2889 cum
734 2828 825 2889 multa
847 2831 955 2907 rigoris

171 2936 295 2997 corpora
317 2918 468 2978 dimittens
491 2919 591 2996 ignem
614 2919 750 2996 concepit
772 2919 803 2977 in
827 2918 915 2977 auris.

99 3028 152 3078 305
170 3008 204 3067 tit
226 3024 344 3086 quoque
366 3012 399 3066 ut
421 3007 516 3084 ipsius
538 3004 640 3085 plagae
662 3007 708 3064 vis
731 3006 840 3065 excitet
862 3007 974 3084 ignem,

99 3108 154 3161 310
170 3095 277 3174 frigida
299 3112 367 3156 oum
389 3095 470 3155 venti
487 3093 600 3173 pepulit
622 3095 666 3153 vis
688 3095 780 3153 missa
803 3095 867 3152 sine
890 3094 964 3173 igni,
1066 3116 1106 3156 ero

170 3185 324 3264 nimirum,
348 3184 429 3263 quia,
452 3200 520 3242 cum
542 3184 670 3242 vementi
693 3181 821 3261 perculit
842 3183 917 3260 ictu,

170 3272 319 3333 eontluere
344 3290 379 3331 ex
402 3273 467 3350 ipso
490 3276 616 3348 possunt
639 3269 784 3330 elementa
806 3272 936 3349 vaporis,

170 3366 200 3422 et
222 3360 311 3420 simul
333 3377 369 3420 ex
392 3358 442 3419 illa
466 3376 541 3437 quae
563 3364 627 3418 tum
649 3376 698 3419 res
723 3359 831 3436 excipit
853 3360 958 3438 ictum;

97 3466 150 3516 310
169 3457 215 3530 ut,
237 3448 364 3528 lapidem
387 3447 466 3508 terro
490 3465 558 3506 cum
580 3447 743 3527 caedimus,
766 3445 861 3507 evolat
883 3447 973 3527 ignis,

98 3546 152 3597 315
168 3556 237 3618 neo,
261 3537 338 3616 quod
361 3536 467 3616 frigida
489 3537 534 3596 vis
556 3535 674 3620 terrist,
692 3535 753 3597 boc
773 3538 872 3596 setius
887 3534 942 3593 tin
1072 3554 1117 3590 sss

861 3634 919 3689 ib*
