2430 3878
579 195 619 249 VI
1042 195 1107 259 193

169 346 303 420 tempore
327 359 361 402 eo
385 344 412 402 si
435 342 584 403 odoratast
607 361 665 422 quo
688 350 841 404 menstrua
865 341 958 404 solvit.

99 445 152 497 ‘190
170 430 320 508 multaque
342 437 495 509 praeterea
519 432 687 510 languentia
709 430 841 492 membra
863 450 918 511 per
940 438 1022 493 artus

171 517 287 578 solvunt
310 525 396 597 atque
420 522 547 579 animam
570 519 745 582 labefactant
768 519 888 580 sedibus
910 522 999 582 intus.

171 607 298 685 denique
323 609 348 666 si
372 607 474 667 calidis
498 610 586 669 etiam
610 615 749 668 cunctere
771 607 897 668 lavabris

98 702 157 753 800
170 695 287 774 plenior
309 702 339 755 et
362 695 467 776 fueris,
491 695 563 756 solio
587 696 727 757 ferventis
751 698 836 775 aquai
1066 720 1106 760 ooo

172 801 259 862 quam
282 782 367 842 facile
390 785 421 844 iu
444 773 549 845 medio'
563 785 597 844 fit
619 786 663 845 uti
686 784 738 845 des
761 803 848 864 saepe
872 781 985 846 ruinas!

99 887 152 936 ‘195
172 870 391 949 carbonumque
415 875 511 950 gravis
534 874 579 932 vis
602 879 688 951 atque
712 873 785 932 odor
805 875 974 934 insinuatur

172 977 259 1038 quam
278 959 363 1020 facile
381 962 413 1020 in
430 959 594 1042 cerebrum,
612 963 672 1021 nisi
687 978 791 1040 aquam
804 963 1010 1041 praecepimus
1025 959 1104 1021 antei

172 1054 201 1107 at
224 1066 291 1107 oum
314 1047 446 1108 membra
467 1049 596 1132 hominis
618 1051 753 1128 percepit
775 1049 915 1109 fervidior
937 1052 995 1131 vis,

596 1155 612 1194 a

98 1229 157 1281 805
173 1230 236 1283 tum
258 1225 292 1284 fit
316 1223 388 1284 odor
410 1226 472 1283 vini
493 1224 595 1303 plagae
618 1224 782 1285 mactabilis
804 1226 905 1300 instar.
1067 1247 1106 1288 sos

171 1329 268 1372 noune
291 1311 374 1372 vides
398 1315 486 1372 etiam
508 1319 587 1373 terra
613 1330 729 1392 quoque
753 1311 856 1392 sulpur
878 1314 909 1373 in
931 1315 996 1392 ipsa

99 1414 154 1466 800
172 1402 287 1478 gignier
310 1407 339 1460 et
361 1406 455 1460 taetro
479 1419 670 1461 concrescere
694 1400 784 1460 odore
806 1400 953 1483 bitumen3

172 1488 299 1567 denique
322 1487 375 1548 ubi
398 1491 512 1567 argenti
533 1507 622 1549 venas
646 1491 768 1567 aurique
794 1496 947 1571 secuntur,

171 1579 262 1636 terrai
283 1579 402 1655 penitus
426 1583 591 1638 scrutantes
614 1576 711 1637 abdita
734 1578 826 1659 ferro,

100 1671 157 1722 810
172 1662 266 1742 qualis
289 1667 404 1744 expiret
427 1664 616 1744 Scaptensula
643 1665 745 1726 subter
768 1662 895 1725 odores?
1067 1688 1106 1729 aro

174 1752 280 1831 quidve
302 1751 371 1813 mali
395 1753 427 1813 fit
449 1760 483 1814 ut
506 1753 641 1814 exhalent
664 1759 764 1814 aurata
786 1751 915 1814 metalla!

100 1855 154 1906 805
174 1859 246 1920 quas
268 1841 421 1902 hominnm
444 1842 571 1902 reddunt
593 1842 684 1902 iacies
707 1840 859 1920 qualisque
883 1838 1010 1902 colores!

173 1947 269 1989 nonne
292 1928 374 1989 vides
398 1928 517 1989 audisve
540 1931 637 2009 perire
660 1932 692 1989 in
714 1936 847 2008 tempore
869 1948 959 2009 parvo

99 2037 100 2045 ¹
173 2035 261 2096 quam
284 2017 408 2097 soleant,
432 2024 461 2077 et
484 2035 571 2096 quam
593 2019 664 2077 vitai
687 2019 770 2096 copia
793 2017 884 2098 desit,

99 2111 157 2162 815
173 2123 246 2183 quos
270 2124 358 2184 opere
382 2108 414 2166 in
435 2105 487 2165 tali
510 2105 627 2166 cohibet
649 2107 693 2165 vis
715 2123 819 2183 magna
842 2100 995 2165 necessis?
1067 2125 1106 2166 aro

173 2193 228 2253 hos
251 2195 341 2272 igitur
362 2193 451 2254 tellus
475 2195 570 2253 omnis
594 2200 745 2254 exaestuat
767 2199 865 2252 aestus

101 2297 154 2346 810
174 2284 344 2361 expiratque
368 2283 446 2342 foras
469 2284 500 2341 iu
523 2288 657 2360 apertum
679 2287 872 2361 promptaque
895 2277 978 2338 caeli.

219 2369 268 2430 Sic
291 2377 321 2430 et
343 2371 457 2431 Averna
479 2370 543 2430 loca
565 2368 683 2431 alitibus
707 2370 890 2430 summittere
914 2365 1023 2428 debent

173 2459 354 2519 mortiferam
377 2461 449 2539 vim,
473 2458 508 2519 de
532 2465 611 2518 terra
635 2476 708 2536 quae
732 2459 828 2536 surgit
849 2458 881 2516 in
903 2473 1003 2536 auras,

101 2552 160 2605 820
174 2553 208 2606 ut
231 2549 356 2626 spatium
380 2547 453 2608 caeli
477 2545 601 2626 quadam
625 2546 661 2605 de
683 2553 766 2625 parte
789 2551 927 2626 venenet3
1067 2565 1107 2606 sao

174 2651 232 2711 quo
255 2633 342 2695 simul
366 2654 399 2696 ac
420 2637 550 2714 primum
572 2636 679 2714 pennis
703 2633 797 2694 delata
820 2636 858 2693 sit
881 2632 955 2713 ales,

102 2735 154 2786 815
173 2721 351 2800 impediatur
373 2723 415 2783 ibi
438 2741 524 2784 caeco
548 2730 684 2802 correpta
705 2739 831 2803 veneno,

173 2816 207 2870 ut
230 2811 314 2870 cadat
336 2828 352 2871 e
376 2814 496 2890 regione
519 2810 589 2892 loci,
612 2829 669 2891 qua
693 2810 800 2888 derigit
822 2815 929 2868 aestus.

175 2915 232 2976 quo
256 2917 324 2959 cum
347 2902 475 2979 conruit,
498 2899 546 2959 hio
570 2898 672 2960 eadem
694 2901 739 2958 vis
762 2897 842 2956 illius
866 2902 964 2956 aestus

102 2992 159 3043 825
172 2986 312 3064 reliquias
335 2989 411 3047 vitae
433 2986 575 3048 membris
599 3005 635 3047 ex
659 2985 794 3046 omuibus
818 2984 920 3045 aufert.
1068 3002 1108 3045 aas

174 3077 283 3154 quippe
311 3077 419 3135 etenim
445 3077 541 3154 primo
565 3077 649 3154 quasi
672 3074 818 3154 quendam
841 3074 956 3133 conciet
980 3076 1107 3131 aestum:

101 3176 154 3226 820
171 3165 320 3242 posterius
343 3163 377 3223 fit
399 3165 455 3244 uti,
479 3181 546 3224 eum
569 3165 627 3224 iam
651 3162 784 3223 cecidere
808 3161 914 3221 veneni

172 3253 204 3311 in
227 3252 316 3312 tontis
339 3254 433 3332 ipsos,
459 3250 502 3312 ibi
525 3253 564 3311 sit
586 3270 703 3330 quoque
726 3253 784 3311 vita
806 3247 949 3309 vomeuda

98 3360 101 3365 ’
171 3347 328 3419 propterea
352 3341 430 3420 qnod
453 3358 557 3418 magna
579 3340 649 3400 mali
672 3341 705 3400 ot
728 3341 811 3418 copia
834 3340 955 3412 circum.

99 3435 157 3487 830
215 3427 264 3488 Fit
278 3448 395 3508 quoque
405 3436 438 3490 ut
447 3429 596 3490 interdum
606 3430 649 3488 vis
659 3428 731 3488 haec
742 3434 828 3506 atque
839 3433 937 3486 aestus
948 3426 1056 3485 Averni
1069 3447 1109 3488 oso

94 3591 96 3595 ι
172 3521 253 3597 aira,
277 3520 328 3595 qui
351 3521 429 3579 iuter
452 3519 513 3579 avis
536 3524 692 3596 cumquest
714 3523 883 3595 terramque
907 3513 1040 3590 locatus,

149 3626 292 3667 nummos.
307 3627 342 3669 ed.
356 3627 487 3682 Brteger.
877 3619 916 3668 ib
