2430 3878
154 186 198 253 10
650 185 663 238 Ι

224 331 365 413 paulatim
387 332 505 413 tribuit,
528 332 702 394 moderatim
726 350 861 394 crescere
884 349 1006 414 cogens,
1110 348 1112 355 ·

225 420 305 482 nulla
328 427 426 501 potest
448 419 602 482 oculorum
625 423 703 481 acies
727 428 863 482 contenta
885 423 976 502 tueri,

153 515 212 568 333
225 527 280 569 nec
302 527 391 588 porro
415 527 617 589 quaecumque
640 527 710 570 aero
734 512 886 589 macieque
910 514 1085 590 senescunt,
1124 521 1162 563 333

154 605 207 654 333
226 597 296 676 quid
320 615 435 676 quoque
459 599 593 658 amittant
615 600 647 658 in
669 605 802 676 tempore
826 614 948 658 cernere
970 599 1079 676 possis.
1124 619 1162 660 en

153 691 211 744 336
225 678 234 769 Η
243 704 307 766 nec,
321 702 401 746 mare
413 703 487 764 quae
498 685 677 766 impendent,
686 704 773 747 vesco
783 685 843 746 sale
854 703 922 746 saxa
931 702 1036 764 peresa
1046 718 1091 728 -
1101 678 1110 768 [Ι
1124 699 1162 740 ero

226 773 399 853 corporibus
422 775 517 834 caeeis
540 775 631 852 igitur
653 780 757 835 natura
780 776 857 852 gerit
878 791 936 835 res.

269 861 331 922 Nec
352 869 451 922 tamen
473 861 604 940 undique
628 880 769 941 corporea
792 864 898 940 stipata
920 868 1061 923 tenentur

154 958 211 1009 330
226 953 323 1011 omnia
346 957 463 1011 natura:
480 953 613 1028 'namque
636 957 683 1011 est
704 953 735 1011 in
758 950 848 1011 rebus
870 952 989 1011 inane.¹
1124 964 1164 1006 eoo

155 1047 206 1098 333
226 1039 305 1118 quod
328 1037 383 1098 tibi
406 1056 549 1117 cognosse
572 1040 604 1099 in
627 1038 727 1099 multis
750 1041 807 1099 erit
828 1038 901 1099 utile
924 1037 1014 1099 rebus

226 1145 282 1188 nee
304 1128 382 1188 sinet
404 1134 552 1188 errantem
576 1126 710 1188 dubitare
734 1133 763 1188 et
786 1144 928 1206 quaerere
952 1145 1072 1206 semper

226 1216 262 1276 de
286 1233 400 1276 summa
422 1233 524 1276 rerum
546 1222 576 1276 et
598 1217 709 1276 nostris
733 1215 866 1275 diffidere
890 1215 985 1275 dietis.

226 1310 439 1384 quapropter,
461 1302 544 1364 locus
568 1311 614 1364 est
636 1306 762 1364 intactus
786 1306 873 1364 inane
896 1321 1076 1383 vacansque:

154 1399 212 1452 335
228 1391 306 1471 quod
329 1393 355 1451 si
377 1409 437 1451 non
460 1399 552 1471 esset,
574 1391 654 1452 nulla
676 1393 789 1452 ratione
811 1393 924 1452 moveri
1124 1403 1166 1446 333

154 1488 208 1538 333
227 1498 275 1540 res
298 1485 432 1559 possent,
455 1497 582 1558 namque
606 1481 736 1540 officium
759 1480 836 1559 quod
859 1482 993 1560 corporis
1017 1486 1128 1562 exstat,

158 1615 160 1618 a
227 1568 345 1628 osticere
368 1575 456 1646 atque
479 1565 609 1649 obstare,
633 1567 663 1627 id
686 1570 717 1628 in
741 1570 976 1647 omnitempore
1000 1568 1120 1630 adesset

122 1684 125 1688 ’
227 1654 377 1736 omnibus3
399 1655 477 1715 baud
500 1657 591 1733 igitur
614 1658 770 1735 quicquam
793 1656 955 1734 procedere
978 1665 1095 1740 posset,

226 1745 403 1824 principium
429 1746 566 1822 quoniam
590 1741 715 1805 cedendi
737 1743 817 1805 nulla
839 1743 923 1805 daret
945 1763 1005 1805 res.

156 1841 210 1893 343
226 1839 256 1894 33
275 1850 357 1893 nune
379 1849 433 1910 per
454 1834 546 1892 maria
569 1850 604 1892 ac
626 1839 721 1893 terras
745 1831 928 1912 sublimaque
952 1832 1027 1894 caeli
1125 1849 1167 1890 343

157 1930 208 1981 333
227 1920 318 1981 multa
341 1919 437 1980 modis
460 1919 560 1980 multis
584 1923 663 1981 varia
686 1923 800 1981 ratione
823 1923 935 1981 moveri

227 2010 377 2070 cernimus
400 2015 466 2068 ante
491 2006 604 2089 oculos3
628 2027 715 2090 quae,
738 2011 764 2070 si
786 2027 846 2069 non
869 2015 948 2070 esset
971 2011 1072 2092 inane,

227 2115 287 2158 non
310 2105 369 2158 tam
392 2096 519 2158 sollicito
542 2104 624 2158 motu
646 2099 758 2176 privata
781 2104 917 2158 carerent

229 2204 316 2267 quam
339 2187 438 2264 genita
461 2187 580 2246 omnino
603 2184 683 2246 nulla
705 2187 820 2246 ratione
843 2186 981 2267 fuissent,

155 2283 212 2337 343
226 2275 358 2353 undique
381 2275 520 2335 materies
544 2276 682 2354 quoniam
705 2275 811 2354 stipata
835 2276 973 2354 quiesset.

155 2373 209 2422 343
227 2370 379 2443 praeterea
403 2365 534 2442 quamvis
558 2362 668 2424 solidae
691 2380 740 2424 res
764 2380 829 2423 3333
851 2370 1007 2444 putentur,
1124 2378 1167 2421 343

227 2452 298 2512 hine
319 2458 418 2511 tamen
441 2468 506 2512 3333
529 2451 600 2512 licet
621 2469 688 2511 raro
712 2469 779 2511 cum
803 2469 926 2530 corpore
950 2469 1064 2513 cernas.

227 2542 259 2601 iu
282 2541 361 2598 saxis
384 2556 418 2599 ac
441 2537 590 2618 speluncis
612 2546 766 2618 permanat
788 2557 931 2618 aquarum

228 2626 358 2706 liquidus
380 2643 467 2687 umor
490 2633 520 2686 et
540 2626 682 2688 uberibus
705 2627 778 2689 flent
800 2630 898 2688 omnia
920 2629 1026 2711 guttis3

155 2723 213 2776 330
229 2716 353 2795 dissipat
374 2716 406 2775 in
429 2732 536 2793 eorpus
560 2732 627 2776 sese
652 2715 736 2776 cibus
759 2733 846 2776 omne
869 2717 1067 2798 animantum3
1124 2730 1168 2774 eoo

155 2813 209 2863 343
228 2810 367 2866 crescunt
389 2801 507 2863 arbusta
530 2809 560 2863 33
582 2804 659 2865 setus
682 2806 713 2864 in
736 2811 869 2884 ternpore
892 2804 1032 2886 fundunt,

229 2892 307 2972 quod
330 2891 413 2953 cibus
436 2893 468 2951 in
490 2898 567 2952 totas
589 2910 685 2971 usque
708 2891 743 2953 ab
767 2892 917 2953 radicibus
940 2895 1009 2954 imis

227 2999 281 3060 per
303 2987 425 3041 truncos
448 2998 482 3040 ac
504 2998 558 3059 per
580 2998 677 3041 ramos
701 2980 876 3042 diffunditur
899 2983 1003 3042 omnis.

228 3071 306 3130 inter
329 3075 428 3148 saepta
451 3075 551 3129 meant
572 3086 659 3130 voces
682 3076 713 3129 et
735 3068 833 3130 clausa
855 3069 1010 3131 domorum

157 3162 212 3216 335
227 3156 444 3237 transvehunt,
467 3156 596 3235 rigidum
618 3164 770 3236 permanat
792 3157 886 3236 frigus
908 3156 945 3217 ad
968 3176 1049 3241 ossa,

155 3252 210 3303 333
229 3245 315 3326 quod,
336 3247 395 3305 nisi
414 3246 512 3305 inania
531 3247 598 3326 sint,
618 3263 674 3324 qua
693 3252 815 3325 possent
833 3263 956 3325 corpora
975 3265 1110 3328 quaeque
1125 3261 1167 3304 ³⁶⁵

227 3335 370 3413 transire,
392 3333 470 3394 haud
493 3332 552 3393 ulla
575 3333 641 3394 fieri
663 3336 776 3394 ratione
799 3334 924 3396 videres.

228 3421 355 3501 denique
379 3439 433 3481 cur
456 3421 526 3481 alias
550 3420 615 3482 aliis
638 3429 789 3500 praestare
811 3422 945 3484 videmus

212 3510 355 3588 pondere
376 3526 427 3571 res
450 3509 542 3572 rebus
565 3509 626 3572 nilo
648 3512 761 3572 maiore
782 3507 897 3590 tiqura‘d
