2430 3862
101 154 144 218 62
585 152 613 206 Π

188 303 232 361 sic
253 299 407 359 hominum
429 301 558 378 genitam
580 299 707 382 prolem,
730 302 773 361 sic
797 300 924 378 denique
948 305 1048 359 mutas

188 389 406 467 squamigerum
429 388 559 466 pecudes
582 395 612 448 et
635 405 758 467 corpora
781 394 886 448 cuncta
909 386 1070 448 volantum.

100 493 169 544 1080
189 483 366 555 quapropter
390 475 503 536 caelum
526 476 617 537 simili
639 479 752 537 ratione
776 475 969 556 fatendumst,

98 579 174 631 1085
186 573 354 643 terramque
374 571 404 624 et
422 563 523 644 solem,
541 564 640 625 lunam
659 582 740 624 mare
759 572 856 625 cetera
872 583 945 643 quae
961 582 1018 624 sun
1056 576 1108 617 1⁰8⁵

188 671 247 713 non
270 671 335 712 esse
359 654 459 732 unica,
483 651 535 712 sed
559 671 681 712 numero
704 655 797 730 magis
821 651 1013 733 innumerali3

188 741 426 820 quandoquidem
448 742 524 801 vitae
548 741 688 819 depactus
711 743 856 801 terminus
880 740 937 800 alte

186 836 246 889 tam
269 835 368 888 manet
390 829 475 908 haec,
499 835 610 888 ettam
632 831 730 889 nativo
754 847 876 908 corpore
900 834 1052 909 constant,

100 932 169 982 1085
188 935 275 996 quam
282 934 375 994 genus
383 934 469 976 omne
478 917 556 995 quod
564 916 632 975 hinc
640 915 936 993 generatumstrebus
943 916 1105 977 abundans.

98 1020 172 1072 1090
229 1005 309 1076 Quae
332 1005 408 1064 bene
432 1007 548 1083 cognita
572 1007 598 1065 si
620 1012 735 1085 teneas,
757 1012 862 1065 natura
884 1005 1001 1065 videtur
1056 1019 1107 1060 meo

125 1093 128 1099 ’
186 1092 280 1153 libera
302 1095 455 1174 continuo,
479 1093 606 1153 dominis
629 1095 741 1172 privata
764 1093 914 1174 superbis,

187 1184 250 1260 ipsa
275 1199 327 1241 sua
350 1199 404 1260 per
427 1199 459 1240 se
483 1188 587 1260 sponte
611 1183 708 1241 omnia
732 1181 777 1241 dis
801 1200 886 1260 agere
911 1199 1028 1260 expers.

186 1287 254 1330 nam
276 1287 344 1351 pro,
368 1277 468 1330 saneta
492 1269 579 1330 deum
602 1269 758 1347 tranquilla
781 1276 900 1348 pectora
923 1288 996 1348 pace

101 1372 169 1423 1090
188 1376 262 1437 quae
285 1357 432 1437 placidum
457 1357 567 1435 degunt
590 1375 690 1417 aevom
712 1361 859 1437 vitamque
884 1375 1033 1438 serenam,

100 1459 173 1511 1095
187 1449 254 1525 quis
268 1463 372 1523 regere
387 1447 525 1506 immensi
540 1463 693 1526 summam,
704 1448 774 1524 guis
783 1446 892 1506 babere
902 1446 1044 1525 profundi
1055 1459 1105 1502 mes

187 1534 260 1593 indu
282 1551 371 1593 manu
393 1532 504 1593 validas
526 1536 604 1612 potis
628 1540 673 1593 est
695 1534 882 1594 moderanter
904 1533 1049 1615 habenas,

188 1624 254 1700 quis
278 1623 390 1699 pariter
413 1620 509 1681 caelos
533 1623 628 1681 omnis
652 1629 822 1683 convertere
846 1629 875 1682 et
898 1625 994 1683 omnis

187 1709 305 1788 ignibus
329 1709 468 1769 aetheriis
490 1716 585 1769 terras
609 1710 709 1770 suffire
733 1711 852 1790 feracis,

101 1814 169 1864 1005
189 1796 325 1858 omnibus
348 1799 414 1857 inve
438 1796 511 1857 locis
535 1815 600 1857 esse
624 1800 859 1877 omnitempore
883 1804 1014 1880 praesto,

99 1902 171 1952 1100
187 1885 316 1945 nubibus
339 1892 372 1945 ut
394 1885 531 1945 tenebras
554 1885 641 1946 faeiat
664 1885 794 1965 caelique
819 1904 923 1946 serena
1054 1900 1106 1940 11⁰0

189 1975 337 2035 concutiat
360 1974 471 2053 sonitu,
494 1980 557 2033 tum
580 1973 702 2034 fulmina
724 1977 821 2035 mittat
843 1981 873 2034 et
895 1975 976 2034 aedis

189 2069 283 2140 saepe
300 2079 368 2122 snas
391 2059 538 2122 disturbet
561 2064 643 2121 etin
667 2062 784 2122 deserta
807 2062 950 2122 recedens

189 2152 311 2230 saeviat,
334 2167 476 2210 exercens
499 2149 603 2230 telum,
627 2150 705 2229 quod
729 2169 816 2229 saepe
839 2157 980 2211 nocentes

99 2254 169 2305 1100
187 2240 330 2319 praeterit
353 2240 557 2316 exanimatque
580 2238 717 2317 indignos
740 2241 829 2318 inque
851 2235 1023 2299 merentes?

99 2343 172 2394 1105
232 2325 379 2405 Multaque
402 2334 470 2405 post
492 2326 595 2386 mundi
617 2333 733 2405 tempus
753 2326 879 2405 genitale
898 2328 1036 2405 diemque
1054 2339 1105 2380 noo

186 2417 384 2494 primigenum
407 2416 497 2474 maris
521 2421 551 2474 et
572 2421 669 2475 terrae
693 2414 823 2494 solisque
847 2423 981 2476 coortum
1077 2493 1080 2497 ⁴

188 2502 284 2561 addita
308 2519 431 2580 corpora
455 2510 524 2562 sunt
547 2505 744 2583 extrinsecus,
768 2503 866 2563 addita
889 2506 1001 2563 circum

188 2591 314 2669 semina,
337 2607 412 2666 quae
434 2607 571 2668 magnum
595 2590 747 2651 iaculando
772 2591 896 2652 contulit
919 2609 1019 2670 omne,

101 2693 169 2742 1105
188 2676 265 2737 unde
290 2695 370 2736 mare
394 2682 424 2737 et
447 2684 542 2737 terrae
564 2685 688 2757 possent
710 2697 881 2759 augescere,
905 2688 935 2740 et
956 2679 1036 2740 unde

100 2781 173 2830 1110
187 2772 342 2844 appareret
366 2767 492 2844 spatium
515 2766 589 2826 caeli
612 2767 716 2827 domus
739 2767 854 2847 altaque
877 2774 955 2828 tecta
1053 2783 1107 2824 mo

187 2853 303 2914 tolleret
326 2872 342 2914 a
364 2857 454 2913 terris
477 2854 594 2934 procul,
618 2862 647 2915 et
670 2863 861 2934 consurgeret
886 2860 944 2916 adr.

186 2960 254 3003 nam
278 2961 329 3002 sua
353 2945 472 3022 cuique,
496 2941 568 3003 locis
593 2961 628 3003 ex
652 2943 802 3024 omnibus,
826 2946 923 3004 omnia
945 2943 1041 3023 plagis

188 3049 310 3109 corpora
333 3030 552 3091 distribuuntur
575 3039 605 3090 et
627 3031 663 3091 ad
687 3050 739 3092 sua
763 3030 858 3093 saecla
880 3033 1039 3114 recedunt,

100 3134 167 3184 1110
186 3137 271 3179 umor
294 3118 330 3179 ad
353 3137 500 3200 umorem,
522 3125 642 3179 terreno
666 3138 790 3199 corpore
813 3128 891 3180 terra

98 3221 171 3273 1115
187 3210 306 3287 crescit,
329 3215 359 3267 et
381 3210 480 3286 ignem
502 3209 586 3285 ignes
608 3208 776 3286 procudunt
798 3213 923 3287 aeraque
947 3209 1013 3289 adr,
1054 3223 1108 3263 urs

187 3294 315 3373 donique
339 3295 374 3355 ad
399 3302 559 3356 extremam
584 3297 737 3357 crescendi
759 3297 869 3375 perfica
891 3297 981 3356 tinem

186 3385 283 3443 omnia
306 3383 445 3462 perduxit
467 3402 567 3444 rerum
591 3391 694 3444 natura
718 3387 858 3465 creatrix,

185 3478 219 3532 ut
241 3472 274 3531 fit
296 3471 348 3531 ubi
370 3471 430 3532 nilo
454 3474 512 3532 iam
534 3471 600 3551 plus
625 3479 671 3532 est
694 3473 771 3551 quod
795 3473 881 3534 datur
904 3475 982 3533 intra
