2430 3878
154 187 217 254 178
636 187 675 242 VI

152 353 205 403 210
224 342 254 397 et
276 343 465 397 monumenta
488 338 583 397 virum
608 334 744 398 demoliri
767 342 854 416 atque
877 331 1000 418 †ciere,

223 427 390 486 exanimare
412 425 560 505 homines,
583 425 712 504 pecudes
735 432 924 504 prosternere
947 425 1077 505 passim,

224 520 321 574 cetera
343 513 380 574 de
403 531 512 592 genere
534 513 591 574 hoc
614 532 671 593 qna
693 515 723 574 ri
745 513 843 574 facere
865 514 965 573 omnia
987 515 1123 595 possint,

152 607 209 660 245
220 601 388 683 expediam,
410 619 507 680 neque
531 602 559 664 fe
580 603 611 661 in
633 603 789 680 promissis
811 600 897 680 plura
919 599 1069 662 morabor.
1128 623 1165 664 111

267 689 401 750 Fulmina
424 691 539 768 gignier
561 707 578 749 e
602 691 710 750 crassis
734 689 850 767 alteque
873 689 1068 767 putandumst

153 793 204 844 215
223 777 353 839 nubibus
375 779 531 838 extructis:
553 795 622 838 nam
645 777 725 838 caelo
749 777 830 838 nulla
854 795 960 837 sereno

223 884 279 928 nec
300 866 405 926 leviter
427 865 528 927 densis
550 868 708 926 mittuntur
729 865 859 926 nubibus
882 883 1032 944 umquam.

222 973 291 1014 nam
314 954 403 1015 dubio
425 953 530 1033 procul
552 954 609 1014 hoc
631 955 697 1014 fieri
719 954 875 1014 manifesta
897 952 984 1014 docet
1007 971 1072 1034 res,

152 1049 209 1102 250
222 1042 300 1122 quod
322 1050 386 1103 tum
407 1059 462 1121 per
483 1048 579 1103 totum
602 1050 797 1103 concrescunt
819 1045 887 1102 aera
909 1041 1019 1122 nubes,
1120 1039 1161 1105 ¹roo

223 1131 353 1211 undique
376 1133 421 1191 uti
443 1131 581 1191 tenebras
604 1133 700 1191 omnis
723 1129 891 1191 Acherunta
912 1147 1033 1190 reamur
1123 1152 1160 1193 111

153 1236 206 1286 210
223 1219 347 1298 liquisse
369 1224 399 1279 et
420 1237 540 1298 magnas
564 1217 637 1279 caeli
660 1217 823 1297 complesse
847 1236 1000 1300 cavernas,
1123 1239 1160 1282 111

153 1314 211 1368 255
223 1326 291 1369 cum
313 1307 479 1368 commoliri
500 1314 663 1387 tempestas
683 1306 806 1367 fulmina
828 1312 952 1385 coeptat.
1122 1328 1159 1370 111

224 1402 378 1475 praeterea
398 1413 542 1474 persaepe
564 1398 649 1475 niger
672 1413 788 1474 quoque
811 1412 866 1474 per
887 1412 968 1454 mare
992 1393 1126 1475 nimbus,

224 1490 258 1545 ut
279 1486 355 1563 picis
377 1502 394 1544 e
417 1482 499 1544 caelo
521 1483 682 1545 demissum
703 1483 827 1563 flumen,
851 1484 883 1542 in
906 1482 1001 1543 undas

225 1574 269 1632 sic
291 1572 371 1633 cadit
392 1572 513 1632 effertus
535 1571 667 1632 tenebris
689 1571 792 1650 procul
816 1578 846 1632 et
867 1571 959 1631 trahit
980 1578 1074 1631 atram

71 1664 73 1670 '
155 1675 208 1726 255
226 1658 399 1720 fulminibus
422 1659 572 1737 gravidam
593 1666 799 1739 tempestatem
822 1666 909 1739 atque
932 1658 1085 1740 procellis,

155 1755 214 1807 260
225 1746 344 1827 ignibus
367 1766 401 1808 ac
423 1749 519 1807 ventis
542 1750 737 1826 cumprimis
760 1750 824 1828 ipse
848 1746 991 1829 repletus,
1120 1770 1157 1811 reo

225 1838 257 1897 in
278 1844 359 1896 terra
380 1853 498 1915 quoque
520 1841 556 1896 ut
576 1835 749 1897 horrescant
772 1855 806 1897 ac
828 1841 906 1896 tecta
928 1838 1091 1914 requirant.

226 1927 270 1985 sic
292 1926 383 2003 igitur
406 1941 512 2004 supera
534 1931 670 1986 nostrum
692 1931 780 2003 caput
802 1941 867 1984 esse
890 1923 1083 2002 putandumst

225 2018 432 2092 tempestatem
454 2011 550 2073 altam.
586 2030 682 2091 neque
706 2015 785 2073 enim
808 2011 932 2090 caligine
954 2018 1037 2073 tanta

155 2119 207 2169 200
226 2101 386 2162 obruerent
407 2107 516 2180 terras,
538 2102 598 2161 nisi
618 2100 802 2162 inaedificata
825 2118 953 2178 superne

155 2197 214 2250 265
224 2190 316 2251 multa
338 2190 435 2250 forent
457 2189 558 2250 multis
581 2196 717 2268 exempto
739 2187 839 2250 nubila
862 2187 937 2248 sole:
1120 2207 1155 2251 aco

225 2297 282 2339 nec
303 2284 384 2339 tanto
406 2284 529 2356 possent
551 2279 703 2338 venientes
726 2279 893 2356 opprimere
916 2274 1020 2357 imbri,

121 2435 124 2440 p
225 2366 346 2427 flumina
369 2365 518 2426 abundare
540 2373 574 2426 ut
595 2366 726 2426 facerent
747 2382 924 2444 camposque
948 2370 1064 2446 natare,

227 2456 254 2514 si
276 2472 335 2515 non
358 2460 509 2513 extructus
532 2453 609 2514 foret
631 2453 688 2514 alte
710 2453 839 2514 nubibus
863 2452 973 2513 aether.

155 2558 207 2609 265
225 2540 275 2601 hic
297 2543 389 2619 igitur
410 2543 506 2601 ventis
529 2549 616 2620 atque
638 2540 756 2619 ignibus
780 2542 877 2602 omnia
899 2539 987 2620 plena

155 2634 306 2689 cresunt:
329 2629 396 2689 ideo
418 2630 530 2707 passim
551 2629 688 2690 fremitus
710 2637 741 2690 et
762 2629 878 2709 fulgura
901 2629 984 2689 fiunt.
1120 2649 1157 2689 rto

226 2719 335 2798 quippe
358 2719 468 2777 etenim
491 2735 580 2795 supra
603 2716 690 2779 docui
711 2717 857 2797 permulta
878 2718 996 2797 vaporis

227 2809 339 2866 semina
361 2804 470 2866 habere
494 2823 578 2866 cavas
601 2805 708 2886 nubes,
732 2811 761 2866 et
783 2805 875 2866 multa
897 2810 1050 2865 necessest

225 2896 381 2974 concipere
404 2912 441 2954 ex
464 2893 535 2954 solis
556 2893 648 2955 radiis
671 2893 834 2973 ardoreque
858 2910 969 2954 eorum.

155 3000 206 3049 210
224 2983 282 3043 hoc
303 2982 355 3043 ubi
377 2990 482 3043 ventus
505 3000 554 3043 eas
577 2982 657 3043 idem
680 2984 730 3061 qui
754 2984 833 3062 cogit
855 2984 886 3042 in
909 2998 1002 3042 unum

154 3077 212 3131 275
223 3072 299 3132 forte
322 3071 420 3131 locum
443 3073 590 3153 quemvis,
613 3073 760 3151 expressit
781 3070 872 3131 multa
894 3072 1012 3149 vaporis
1121 3087 1157 3130 ru

226 3161 338 3220 semina
362 3177 452 3238 seque
476 3157 564 3220 simul
587 3177 653 3220 cum
677 3176 711 3219 eo
735 3160 922 3221 commiscuit
945 3159 1021 3239 igni,

225 3250 392 3308 insinuatus
414 3246 459 3307 ibi
480 3254 581 3308 vortex
604 3254 738 3308 versatur
760 3250 792 3307 in
815 3254 878 3308 arto

226 3343 256 3397 et
278 3335 381 3397 calidis
404 3337 483 3397 acuit
504 3334 615 3397 fulmen
638 3335 806 3396 fornacibus
829 3337 923 3396 intus:

153 3441 206 3491 275
225 3442 293 3485 nam
318 3423 428 3504 duplici
449 3425 563 3485 ratione
586 3425 769 3504 accenditur,
791 3427 855 3503 ipse
879 3442 932 3484 sua
956 3441 1023 3483 cum

453 3508 533 3598 [252
554 3510 616 3596 sqsl
629 3541 671 3564 =
680 3512 717 3574 W
735 3509 806 3574 tiu
820 3528 868 3588 sq.
