2430 3878
182 196 245 260 166
665 192 692 249 V

179 349 253 401 1280
268 344 307 402 sit
329 339 443 402 facilest
465 342 522 419 ipsi
544 358 599 419 per
620 347 649 400 te
672 357 863 420 cognoscere,
885 334 1014 398 Memmi.

92 496 104 522 κ
182 448 349 496 1210211112
372 431 491 507 antiqua
513 446 618 489 manns
640 446 754 506 ungues
777 428 939 506 dentesque
963 427 1092 507 fuerunt,

267 527 298 578 et
319 517 431 596 lapides
455 523 485 576 et
507 519 578 576 item
601 516 740 577 silvarum
763 516 907 594 fragmina
929 517 1017 595 rami,

268 605 420 667 etllamma
428 611 514 683 atque
522 607 614 685 ignes,
622 611 776 683 postquam
784 605 1161 682 suntcognitaprimnm.ne

267 695 416 773 posterius
439 693 512 753 ferri
533 695 578 752 vis
601 699 647 752 est
669 695 804 771 aerisque
827 699 952 771 reperta.

181 788 256 842 1285
268 789 297 843 et
319 783 401 861 prior
423 783 501 840 aeris
524 788 587 840 erat
610 798 697 860 quam
720 780 792 840 ferri
814 782 950 859 cognitus
972 797 1060 859 usus,

181 885 325 950 1215010
349 868 442 929 facilis
464 871 558 946 magis
581 876 627 929 est
648 875 752 929 natura
775 874 806 930 et
828 870 912 948 copia
933 869 1036 927 maior.

268 976 335 1018 aere
359 957 454 1017 solnm
476 963 573 1017 terrae
595 956 772 1037 tractabant,
796 972 923 1036 aereque
944 955 1017 1016 belli

268 1045 431 1106 miscebant
453 1045 560 1106 fluctus
583 1051 613 1104 et
635 1045 756 1105 vulnera
778 1051 859 1104 vasta
882 1043 1020 1104 serebant
1127 1062 1164 1104 no

268 1141 299 1194 et
320 1152 410 1213 peons
434 1141 520 1212 atque
543 1151 629 1212 agros
652 1132 831 1193 adimebant:
854 1150 922 1192 nam
944 1131 1031 1192 facile
1055 1128 1118 1191 ollis

180 1229 257 1281 1290
269 1223 366 1282 omnia
389 1220 531 1281 cedebant
554 1223 673 1281 armatis
696 1221 773 1281 nuda
796 1228 827 1281 et
848 1223 969 1281 inerma.

182 1310 337 1375 1280111110
359 1311 526 1370 minutatim
548 1311 693 1389 prooessit
715 1309 831 1370 ferrens
854 1311 951 1389 ensis,

268 1415 411 1477 versaque
434 1400 466 1457 in
489 1396 679 1476 obprobrium
703 1400 817 1476 speeies
840 1395 991 1457 011121011
1015 1395 1134 1476 abenae,
1185 1394 1187 1399 ’

269 1485 399 1547 0110110
422 1503 547 1564 coepere
570 1484 665 1544 solnm
688 1485 879 1565 proscindere
900 1492 998 1545 terrae
1127 1501 1165 1545 101

269 1579 485 1652 exaequataque
509 1579 579 1632 sunt
600 1576 716 1652 creperi
738 1575 898 1634 certamina
919 1572 998 1632 belli.

181 1666 254 1720 1295
269 1668 299 1722 et
321 1663 404 1739 prins
428 1667 474 1720 est
495 1668 639 1721 armatum
662 1663 693 1720 in
716 1663 785 1740 equi
808 1660 1006 1722 conscendere
1030 1666 1123 1721 costas

182 1763 250 1815 1285
270 1756 300 1809 01
321 1748 503 1808 moderarier
524 1748 604 1808 hunc
626 1749 718 1809 frenis
741 1749 903 1828 dextraque
924 1750 1024 1827 vigere

270 1854 357 1917 quam
379 1834 480 1914 biiugo
504 1854 594 1897 curru
615 1836 686 1897 belli
708 1844 852 1916 temptare
874 1836 994 1915 pericla.

270 1931 300 1985 et
321 1923 437 2002 biiugos
459 1926 543 2002 prins
567 1931 612 1984 est
634 1942 721 2003 qnam
743 1925 789 1985 bis
812 1927 991 2002 coniungere
1014 1924 1099 1984 binos
1126 1941 1166 1984 ooo

269 2019 299 2073 et
322 2030 409 2091 quam
431 2011 578 2072 falciferos
601 2020 745 2073 armatum
767 2014 928 2074 escendere
951 2028 1066 2073 currus.

181 2108 254 2159 1300
270 2101 338 2161 inde
361 2099 450 2160 boves
474 2100 554 2161 lucas
577 2103 684 2161 turrito
708 2119 844 2182 corpore,
865 2108 971 2181 tetras,

183 2205 250 2254 1200
270 2191 477 2270 anguimanus,
499 2187 569 2248 belli
591 2189 755 2249 docuerunt
777 2188 895 2250 volnera
917 2188 1010 2248 Poeni

270 2278 393 2337 sufferre
417 2284 447 2338 et
468 2294 588 2355 magnas
611 2276 711 2337 Martis
734 2277 854 2338 turbare
877 2283 1017 2337 02101121.

269 2367 313 2425 110
336 2364 393 2424 alid
417 2383 453 2425 ex
477 2365 533 2425 alio
555 2368 671 2444 peperit
693 2365 839 2426 discordia
861 2367 971 2446 tristis,
1128 2381 1169 2426 uo

268 2451 409 2512 horribile
432 2452 568 2513 humanis
592 2453 669 2531 quod
693 2453 829 2531 gentibus
852 2459 931 2514 esset
954 2456 986 2514 in
1009 2454 1110 2533 armis,

181 2546 254 2598 1305
270 2542 358 2617 inque
382 2540 445 2600 dies
468 2540 539 2600 belli
560 2541 724 2601 terroribus
748 2541 859 2602 addidit
881 2558 1015 2619 augmen.

182 2641 250 2693 1205
313 2627 505 2706 Temptarunt
528 2631 616 2688 etiam
638 2636 738 2690 tauros
762 2633 793 2689 iu·
815 2646 954 2690 moenere
976 2628 1059 2709 belli,

269 2718 442 2794 expertique
466 2734 535 2776 sues
558 2735 660 2777 saeros
684 2724 752 2778 sunt
774 2719 891 2778 mittere
915 2720 948 2777 in
969 2716 1073 2777 hostis.

270 2809 300 2863 et
321 2803 432 2863 validos
455 2806 562 2882 partim
584 2823 655 2883 prae
679 2823 710 2865 se
732 2808 841 2866 misere
864 2804 965 2865 leones
1130 2822 1176 2864 ano

270 2909 337 2952 cnm
359 2892 529 2953 doctoribus
552 2895 672 2954 armatis
696 2896 848 2972 saevisque
870 2894 1034 2973 magistris,

180 2986 254 3037 1310
270 2982 322 3058 qni
344 2980 525 3041 moderarier
547 2980 594 3040 his
617 2988 738 3060 possent
759 2980 923 3061 vinclisque
944 2987 1082 3041 tenerer.

182 3084 251 3134 1300
269 3069 461 3149 nequiquam,
485 3071 622 3147 qnoniam
644 3071 790 3148 permixta
812 3069 901 3131 caede
924 3068 1055 3130 calentes

269 3155 426 3216 turbabant
449 3159 529 3217 saevi
551 3156 632 3217 nullo
655 3157 794 3218 discrime
817 3164 943 3238 onmes,

269 3245 414 3304 terrifices
437 3248 565 3324 capitum
590 3248 753 3323 quatientes
776 3245 907 3324 undique
930 3247 1050 3326 oristas,
1135 3265 1182 3306 aus

270 3350 325 3391 nec
347 3339 484 3410 poterant
506 3336 620 3412 equites
643 3334 762 3394 fremitu
784 3335 943 3412 perterrita
966 3346 1111 3412 equorum

183 3425 254 3477 1315
268 3426 390 3499 pectora
413 3420 542 3482 mulcere
566 3428 595 3482 et
617 3421 709 3482 frenis
732 3429 904 3482 convertere
926 3423 959 3482 in
981 3421 1085 3482 bostis.

167 3499 388 3576 130511111212
411 3509 476 3574 leae
500 3509 649 3574 iaciebant
671 3527 797 3591 corpora
815 3508 894 3569 saltu
