<?xml version="1.0" encoding="UTF-8"?>
<!DOCTYPE html PUBLIC "-//W3C//DTD XHTML 1.0 Transitional//EN"
    "http://www.w3.org/TR/xhtml1/DTD/xhtml1-transitional.dtd">
<html xmlns="http://www.w3.org/1999/xhtml" xml:lang="en" lang="en">
 <head>
  <title>
</title>
<meta http-equiv="Content-Type" content="text/html;charset=utf-8" />
  <meta name='ocr-system' content='tesseract 3.04.00' />
  <meta name='ocr-capabilities' content='ocr_page ocr_carea ocr_par ocr_line ocrx_word'/>
</head>
<body>
  <div class='ocr_page' id='page_1' title='image "./tlucreticarider01carugoog_0273.png"; bbox 0 0 2430 3878; ppageno 0'>
   <div class='ocr_carea' id='block_1_1' title="bbox 150 184 671 253">
    <p class='ocr_par' dir='ltr' id='par_1_1' title="bbox 150 184 671 253">
     <span class='ocr_line' id='line_1_1' title="bbox 150 184 671 253; baseline 0.008 -2"><span class='ocrx_word' id='word_1_1' title='bbox 150 187 215 253; x_wconf 88' lang='lat'><strong>184</strong></span> <span class='ocrx_word' id='word_1_2' title='bbox 631 184 671 240; x_wconf 82' lang='lat' dir='ltr'><strong>Vl</strong></span> 
     </span>
    </p>
   </div>
   <div class='ocr_carea' id='block_1_2' title="bbox 149 332 1162 3060">
    <p class='ocr_par' dir='ltr' id='par_1_2' title="bbox 149 332 1162 3060">
     <span class='ocr_line' id='line_1_2' title="bbox 220 332 967 413; baseline -0.004 -19"><span class='ocrx_word' id='word_1_3' title='bbox 220 340 250 394; x_wconf 93' lang='lat' dir='ltr'><strong>et</strong></span> <span class='ocrx_word' id='word_1_4' title='bbox 272 334 420 396; x_wconf 88' lang='lat' dir='ltr'><strong>condensa</strong></span> <span class='ocrx_word' id='word_1_5' title='bbox 443 340 552 413; x_wconf 82' lang='lat' dir='ltr'><strong>queant</strong></span> <span class='ocrx_word' id='word_1_6' title='bbox 573 351 715 413; x_wconf 88' lang='lat' dir='ltr'><strong>apparere</strong></span> <span class='ocrx_word' id='word_1_7' title='bbox 739 339 769 394; x_wconf 99' lang='lat' dir='ltr'><strong>et</strong></span> <span class='ocrx_word' id='word_1_8' title='bbox 790 332 879 394; x_wconf 92' lang='lat' dir='ltr'><strong>simul</strong></span> <span class='ocrx_word' id='word_1_9' title='bbox 900 334 967 411; x_wconf 92' lang='lat' dir='ltr'><strong>ipso</strong></span> 
     </span>
     <span class='ocr_line' id='line_1_3' title="bbox 149 420 1066 501; baseline -0.011 -11"><span class='ocrx_word' id='word_1_10' title='bbox 149 425 332 490; x_wconf 81' lang='grc'><strong>4001011100</strong></span> <span class='ocrx_word' id='word_1_11' title='bbox 356 423 391 483; x_wconf 90' lang='lat' dir='ltr'><strong>de</strong></span> <span class='ocrx_word' id='word_1_12' title='bbox 414 425 523 483; x_wconf 90' lang='lat' dir='ltr'><strong>montis</strong></span> <span class='ocrx_word' id='word_1_13' title='bbox 546 422 700 482; x_wconf 86' lang='lat' dir='ltr'><strong>videantur</strong></span> <span class='ocrx_word' id='word_1_14' title='bbox 723 439 844 501; x_wconf 84' lang='lat' dir='ltr'>surgere</span> <span class='ocrx_word' id='word_1_15' title='bbox 868 424 899 481; x_wconf 90' lang='lat' dir='ltr'><strong>in</strong></span> <span class='ocrx_word' id='word_1_16' title='bbox 922 420 1066 481; x_wconf 80' lang='lat' dir='ltr'><strong>aethram.</strong></span> 
     </span>
     <span class='ocr_line' id='line_1_4' title="bbox 220 509 933 588; baseline -0.003 -17"><span class='ocrx_word' id='word_1_17' title='bbox 220 529 288 571; x_wconf 90' lang='lat' dir='ltr'><strong>nam</strong></span> <span class='ocrx_word' id='word_1_18' title='bbox 310 510 374 572; x_wconf 90' lang='grc'><strong>1001</strong></span> <span class='ocrx_word' id='word_1_19' title='bbox 398 509 527 571; x_wconf 78' lang='lat' dir='ltr'><strong>declarat</strong></span> <span class='ocrx_word' id='word_1_20' title='bbox 549 528 668 571; x_wconf 92' lang='lat' dir='ltr'><strong>sursum</strong></span> <span class='ocrx_word' id='word_1_21' title='bbox 689 517 811 570; x_wconf 88' lang='lat' dir='ltr'><strong>ventosa</strong></span> <span class='ocrx_word' id='word_1_22' title='bbox 833 517 933 588; x_wconf 89' lang='lat' dir='ltr'><strong>patere</strong></span> 
     </span>
     <span class='ocr_line' id='line_1_5' title="bbox 220 595 1093 679; baseline -0.005 -19"><span class='ocrx_word' id='word_1_23' title='bbox 220 618 270 661; x_wconf 92' lang='lat' dir='ltr'><strong>res</strong></span> <span class='ocrx_word' id='word_1_24' title='bbox 292 601 357 679; x_wconf 90' lang='lat' dir='ltr'><strong>ipsa</strong></span> <span class='ocrx_word' id='word_1_25' title='bbox 380 606 410 660; x_wconf 90' lang='lat' dir='ltr'><strong>et</strong></span> <span class='ocrx_word' id='word_1_26' title='bbox 432 617 551 679; x_wconf 89' lang='lat' dir='ltr'><strong>sensus,</strong></span> <span class='ocrx_word' id='word_1_27' title='bbox 573 601 682 659; x_wconf 90' lang='lat' dir='ltr'><strong>montis</strong></span> <span class='ocrx_word' id='word_1_28' title='bbox 705 616 773 659; x_wconf 92' lang='lat' dir='ltr'><strong>cum</strong></span> <span class='ocrx_word' id='word_1_29' title='bbox 796 597 983 658; x_wconf 82' lang='lat' dir='ltr'><strong>ascendimus</strong></span> <span class='ocrx_word' id='word_1_30' title='bbox 1006 595 1093 657; x_wconf 89' lang='lat' dir='ltr'><strong>altos.</strong></span> 
     </span>
     <span class='ocr_line' id='line_1_6' title="bbox 150 685 1162 767; baseline 0.001 -23"><span class='ocrx_word' id='word_1_31' title='bbox 150 693 205 745; x_wconf 81' lang='grc'><strong>470</strong></span> <span class='ocrx_word' id='word_1_32' title='bbox 220 694 375 767; x_wconf 90' lang='lat' dir='ltr'><strong>praeterea</strong></span> <span class='ocrx_word' id='word_1_33' title='bbox 396 686 542 766; x_wconf 81' lang='lat' dir='ltr'><strong>permrdta</strong></span> <span class='ocrx_word' id='word_1_34' title='bbox 564 689 640 747; x_wconf 90' lang='lat' dir='ltr'><strong>mari</strong></span> <span class='ocrx_word' id='word_1_35' title='bbox 662 704 779 766; x_wconf 90' lang='lat' dir='ltr'><strong>quoque</strong></span> <span class='ocrx_word' id='word_1_36' title='bbox 802 685 906 747; x_wconf 89' lang='lat' dir='ltr'><strong>tollere</strong></span> <span class='ocrx_word' id='word_1_37' title='bbox 928 692 991 746; x_wconf 92' lang='grc'><strong>1010</strong></span> <span class='ocrx_word' id='word_1_38' title='bbox 1121 706 1162 746; x_wconf 77' lang='lat' dir='ltr'><strong>ero</strong></span> 
     </span>
     <span class='ocr_line' id='line_1_7' title="bbox 222 774 901 855; baseline 0 -19"><span class='ocrx_word' id='word_1_39' title='bbox 222 793 345 855; x_wconf 88' lang='lat' dir='ltr'><strong>corpora</strong></span> <span class='ocrx_word' id='word_1_40' title='bbox 367 782 501 836; x_wconf 90' lang='lat' dir='ltr'><strong>naturam</strong></span> <span class='ocrx_word' id='word_1_41' title='bbox 525 774 672 836; x_wconf 88' lang='lat' dir='ltr'><strong>declarant</strong></span> <span class='ocrx_word' id='word_1_42' title='bbox 694 774 780 835; x_wconf 89' lang='lat' dir='ltr'><strong>litore</strong></span> <span class='ocrx_word' id='word_1_43' title='bbox 803 782 901 836; x_wconf 88' lang='lat' dir='ltr'><strong>vestes</strong></span> 
     </span>
     <span class='ocr_line' id='line_1_8' title="bbox 150 863 1004 945; baseline -0.007 -15"><span class='ocrx_word' id='word_1_44' title='bbox 150 879 202 932; x_wconf 85' lang='grc'><strong>405</strong></span> <span class='ocrx_word' id='word_1_45' title='bbox 222 882 395 945; x_wconf 86' lang='lat' dir='ltr'><strong>suspensae,</strong></span> <span class='ocrx_word' id='word_1_46' title='bbox 419 882 487 925; x_wconf 88' lang='lat' dir='ltr'><strong>curn</strong></span> <span class='ocrx_word' id='word_1_47' title='bbox 510 865 680 942; x_wconf 90' lang='lat' dir='ltr'><strong>concipiunt</strong></span> <span class='ocrx_word' id='word_1_48' title='bbox 701 864 814 925; x_wconf 91' lang='lat' dir='ltr'><strong>umoris</strong></span> <span class='ocrx_word' id='word_1_49' title='bbox 837 863 1004 925; x_wconf 90' lang='lat' dir='ltr'><strong>adhaesum.</strong></span> 
     </span>
     <span class='ocr_line' id='line_1_9' title="bbox 222 950 1011 1032; baseline 0.001 -20"><span class='ocrx_word' id='word_1_50' title='bbox 222 971 280 1032; x_wconf 92' lang='lat' dir='ltr'><strong>quo</strong></span> <span class='ocrx_word' id='word_1_51' title='bbox 303 954 397 1031; x_wconf 90' lang='lat' dir='ltr'><strong>magis</strong></span> <span class='ocrx_word' id='word_1_52' title='bbox 420 952 456 1012; x_wconf 88' lang='lat' dir='ltr'><strong>ad</strong></span> <span class='ocrx_word' id='word_1_53' title='bbox 479 951 567 1012; x_wconf 91' lang='lat' dir='ltr'><strong>nubis</strong></span> <span class='ocrx_word' id='word_1_54' title='bbox 590 952 737 1032; x_wconf 89' lang='lat' dir='ltr'><strong>augendas</strong></span> <span class='ocrx_word' id='word_1_55' title='bbox 759 950 851 1012; x_wconf 90' lang='lat' dir='ltr'><strong>multa</strong></span> <span class='ocrx_word' id='word_1_56' title='bbox 873 952 1011 1013; x_wconf 87' lang='lat' dir='ltr'><strong>ridentur</strong></span> 
     </span>
     <span class='ocr_line' id='line_1_10' title="bbox 220 1039 1063 1120; baseline 0.002 -20"><span class='ocrx_word' id='word_1_57' title='bbox 220 1059 308 1120; x_wconf 90' lang='lat' dir='ltr'><strong>posse</strong></span> <span class='ocrx_word' id='word_1_58' title='bbox 332 1057 448 1119; x_wconf 91' lang='lat' dir='ltr'><strong>quoque</strong></span> <span class='ocrx_word' id='word_1_59' title='bbox 472 1059 488 1101; x_wconf 91' lang='lat' dir='ltr'><strong>e</strong></span> <span class='ocrx_word' id='word_1_60' title='bbox 512 1039 588 1101; x_wconf 86' lang='lat' dir='ltr'><strong>salso</strong></span> <span class='ocrx_word' id='word_1_61' title='bbox 612 1058 790 1119; x_wconf 83' lang='lat' dir='ltr'><strong>consurgere</strong></span> <span class='ocrx_word' id='word_1_62' title='bbox 812 1043 941 1101; x_wconf 89' lang='lat' dir='ltr'><strong>momine</strong></span> <span class='ocrx_word' id='word_1_63' title='bbox 964 1042 1063 1119; x_wconf 89' lang='lat' dir='ltr'><strong>ponti:</strong></span> 
     </span>
     <span class='ocr_line' id='line_1_11' title="bbox 151 1127 1159 1207; baseline 0.006 -21"><span class='ocrx_word' id='word_1_64' title='bbox 151 1136 288 1190; x_wconf 79' lang='grc'><strong>41501111</strong></span> <span class='ocrx_word' id='word_1_65' title='bbox 311 1131 386 1189; x_wconf 91' lang='grc'><strong>11110</strong></span> <span class='ocrx_word' id='word_1_66' title='bbox 410 1131 655 1207; x_wconf 84' lang='lat' dir='ltr'><strong>consanguineast</strong></span> <span class='ocrx_word' id='word_1_67' title='bbox 676 1128 830 1190; x_wconf 90' lang='lat' dir='ltr'><strong>umoribus</strong></span> <span class='ocrx_word' id='word_1_68' title='bbox 853 1127 926 1189; x_wconf 90' lang='lat' dir='ltr'><strong>ollis.</strong></span> <span class='ocrx_word' id='word_1_69' title='bbox 1121 1151 1159 1192; x_wconf 81' lang='grc'><strong>410</strong></span> 
     </span>
     <span class='ocr_line' id='line_1_12' title="bbox 221 1216 966 1297; baseline 0 -20"><span class='ocrx_word' id='word_1_70' title='bbox 221 1223 374 1297; x_wconf 89' lang='lat' dir='ltr'><strong>praeterea</strong></span> <span class='ocrx_word' id='word_1_71' title='bbox 396 1216 493 1278; x_wconf 88' lang='lat' dir='ltr'><strong>fluviis</strong></span> <span class='ocrx_word' id='word_1_72' title='bbox 517 1236 553 1279; x_wconf 85' lang='grc'><strong>01</strong></span> <span class='ocrx_word' id='word_1_73' title='bbox 577 1216 713 1277; x_wconf 88' lang='lat' dir='ltr'><strong>omnihus</strong></span> <span class='ocrx_word' id='word_1_74' title='bbox 737 1223 768 1277; x_wconf 89' lang='lat' dir='ltr'><strong>et</strong></span> <span class='ocrx_word' id='word_1_75' title='bbox 790 1216 879 1278; x_wconf 92' lang='lat' dir='ltr'><strong>simul</strong></span> <span class='ocrx_word' id='word_1_76' title='bbox 901 1220 966 1296; x_wconf 90' lang='lat' dir='ltr'><strong>ipsa</strong></span> 
     </span>
     <span class='ocr_line' id='line_1_13' title="bbox 151 1304 1019 1387; baseline -0.006 -16"><span class='ocrx_word' id='word_1_77' title='bbox 151 1322 203 1371; x_wconf 78' lang='grc'><strong>410</strong></span> <span class='ocrx_word' id='word_1_78' title='bbox 223 1324 344 1384; x_wconf 84' lang='lat' dir='ltr'><strong>surgere</strong></span> <span class='ocrx_word' id='word_1_79' title='bbox 368 1305 404 1365; x_wconf 92' lang='lat' dir='ltr'><strong>de</strong></span> <span class='ocrx_word' id='word_1_80' title='bbox 427 1312 507 1366; x_wconf 90' lang='lat' dir='ltr'><strong>terra</strong></span> <span class='ocrx_word' id='word_1_81' title='bbox 529 1304 652 1366; x_wconf 83' lang='lat' dir='ltr'><strong>nebulas</strong></span> <span class='ocrx_word' id='word_1_82' title='bbox 675 1312 848 1384; x_wconf 87' lang='lat' dir='ltr'><strong>aestumque</strong></span> <span class='ocrx_word' id='word_1_83' title='bbox 871 1306 1019 1387; x_wconf 82' lang='lat' dir='ltr'><strong>videmus,</strong></span> 
     </span>
     <span class='ocr_line' id='line_1_14' title="bbox 223 1391 1158 1474; baseline 0.001 -19"><span class='ocrx_word' id='word_1_84' title='bbox 223 1413 297 1474; x_wconf 90' lang='lat' dir='ltr'><strong>quae</strong></span> <span class='ocrx_word' id='word_1_85' title='bbox 324 1391 404 1454; x_wconf 86' lang='lat' dir='ltr'><strong>velut</strong></span> <span class='ocrx_word' id='word_1_86' title='bbox 427 1393 536 1454; x_wconf 92' lang='lat' dir='ltr'><strong>halitus</strong></span> <span class='ocrx_word' id='word_1_87' title='bbox 559 1394 628 1454; x_wconf 91' lang='lat' dir='ltr'><strong>hinc</strong></span> <span class='ocrx_word' id='word_1_88' title='bbox 651 1396 691 1454; x_wconf 88' lang='lat' dir='ltr'><strong>ita</strong></span> <span class='ocrx_word' id='word_1_89' title='bbox 715 1412 833 1455; x_wconf 90' lang='lat' dir='ltr'><strong>sursum</strong></span> <span class='ocrx_word' id='word_1_90' title='bbox 857 1412 997 1473; x_wconf 83' lang='lat' dir='ltr'><strong>expressa</strong></span> <span class='ocrx_word' id='word_1_91' title='bbox 1021 1395 1158 1456; x_wconf 83' lang='lat' dir='ltr'><strong>seruntur</strong></span> 
     </span>
     <span class='ocr_line' id='line_1_15' title="bbox 223 1480 962 1560; baseline -0.001 -17"><span class='ocrx_word' id='word_1_92' title='bbox 223 1481 454 1560; x_wconf 81' lang='lat' dir='ltr'><strong>suffinduntque</strong></span> <span class='ocrx_word' id='word_1_93' title='bbox 477 1500 531 1543; x_wconf 87' lang='lat' dir='ltr'><strong>sua</strong></span> <span class='ocrx_word' id='word_1_94' title='bbox 553 1480 667 1543; x_wconf 91' lang='lat' dir='ltr'><strong>caelum</strong></span> <span class='ocrx_word' id='word_1_95' title='bbox 690 1481 813 1560; x_wconf 88' lang='lat' dir='ltr'><strong>caligine</strong></span> <span class='ocrx_word' id='word_1_96' title='bbox 837 1488 867 1543; x_wconf 94' lang='lat' dir='ltr'><strong>et</strong></span> <span class='ocrx_word' id='word_1_97' title='bbox 890 1482 962 1542; x_wconf 88' lang='lat' dir='ltr'><strong>altas</strong></span> 
     </span>
     <span class='ocr_line' id='line_1_16' title="bbox 151 1568 1156 1648; baseline 0.006 -19"><span class='ocrx_word' id='word_1_98' title='bbox 151 1570 373 1630; x_wconf 86' lang='grc'><strong>480011110111111</strong></span> <span class='ocrx_word' id='word_1_99' title='bbox 395 1568 483 1630; x_wconf 90' lang='lat' dir='ltr'><strong>nubis</strong></span> <span class='ocrx_word' id='word_1_100' title='bbox 504 1568 645 1648; x_wconf 91' lang='lat' dir='ltr'><strong>paulatim</strong></span> <span class='ocrx_word' id='word_1_101' title='bbox 668 1569 885 1631; x_wconf 86' lang='lat' dir='ltr'><strong>conveniundo:</strong></span> <span class='ocrx_word' id='word_1_102' title='bbox 1120 1595 1156 1635; x_wconf 83' lang='grc'><strong>100</strong></span> 
     </span>
     <span class='ocr_line' id='line_1_17' title="bbox 222 1658 1097 1738; baseline 0.005 -21"><span class='ocrx_word' id='word_1_103' title='bbox 222 1663 309 1737; x_wconf 91' lang='lat' dir='ltr'><strong>urget</strong></span> <span class='ocrx_word' id='word_1_104' title='bbox 332 1659 410 1717; x_wconf 89' lang='lat' dir='ltr'><strong>enim</strong></span> <span class='ocrx_word' id='word_1_105' title='bbox 434 1675 550 1736; x_wconf 92' lang='lat' dir='ltr'><strong>quoque</strong></span> <span class='ocrx_word' id='word_1_106' title='bbox 574 1659 709 1736; x_wconf 88' lang='lat' dir='ltr'><strong>signiferi</strong></span> <span class='ocrx_word' id='word_1_107' title='bbox 732 1677 822 1738; x_wconf 90' lang='lat' dir='ltr'><strong>super</strong></span> <span class='ocrx_word' id='word_1_108' title='bbox 844 1658 973 1720; x_wconf 89' lang='lat' dir='ltr'><strong>aetheris</strong></span> <span class='ocrx_word' id='word_1_109' title='bbox 996 1666 1097 1721; x_wconf 90' lang='lat' dir='ltr'><strong>aestus</strong></span> 
     </span>
     <span class='ocr_line' id='line_1_18' title="bbox 151 1744 966 1824; baseline -0.006 -11"><span class='ocrx_word' id='word_1_110' title='bbox 151 1764 204 1813; x_wconf 77' lang='lat'><strong>475</strong></span> <span class='ocrx_word' id='word_1_111' title='bbox 224 1753 254 1807; x_wconf 95' lang='grc'><strong>01</strong></span> <span class='ocrx_word' id='word_1_112' title='bbox 276 1747 362 1824; x_wconf 92' lang='lat' dir='ltr'><strong>quasi</strong></span> <span class='ocrx_word' id='word_1_113' title='bbox 382 1744 533 1806; x_wconf 90' lang='lat' dir='ltr'><strong>densendo</strong></span> <span class='ocrx_word' id='word_1_114' title='bbox 557 1744 687 1806; x_wconf 82' lang='lat' dir='ltr'><strong>subtexit</strong></span> <span class='ocrx_word' id='word_1_115' title='bbox 709 1747 825 1808; x_wconf 90' lang='lat' dir='ltr'><strong>caerula</strong></span> <span class='ocrx_word' id='word_1_116' title='bbox 848 1747 966 1808; x_wconf 90' lang='lat' dir='ltr'><strong>nimbis.</strong></span> 
     </span>
     <span class='ocr_line' id='line_1_19' title="bbox 222 1833 1155 1912; baseline 0.004 -19"><span class='ocrx_word' id='word_1_117' title='bbox 222 1835 257 1894; x_wconf 89' lang='lat' dir='ltr'><strong>fit</strong></span> <span class='ocrx_word' id='word_1_118' title='bbox 284 1851 400 1912; x_wconf 91' lang='lat' dir='ltr'><strong>quoque</strong></span> <span class='ocrx_word' id='word_1_119' title='bbox 427 1839 461 1894; x_wconf 94' lang='lat' dir='ltr'><strong>ut</strong></span> <span class='ocrx_word' id='word_1_120' title='bbox 486 1833 544 1894; x_wconf 88' lang='lat' dir='ltr'><strong>huo</strong></span> <span class='ocrx_word' id='word_1_121' title='bbox 566 1836 686 1895; x_wconf 85' lang='lat' dir='ltr'><strong>veniant</strong></span> <span class='ocrx_word' id='word_1_122' title='bbox 707 1837 739 1896; x_wconf 94' lang='lat' dir='ltr'><strong>in</strong></span> <span class='ocrx_word' id='word_1_123' title='bbox 762 1835 875 1897; x_wconf 90' lang='lat' dir='ltr'><strong>caelum</strong></span> <span class='ocrx_word' id='word_1_124' title='bbox 898 1838 1085 1899; x_wconf 84' lang='lat' dir='ltr'><strong>extrinsecus</strong></span> <span class='ocrx_word' id='word_1_125' title='bbox 1109 1837 1155 1898; x_wconf 91' lang='lat' dir='ltr'><strong>illa</strong></span> 
     </span>
     <span class='ocr_line' id='line_1_20' title="bbox 224 1921 1048 2003; baseline 0.005 -22"><span class='ocrx_word' id='word_1_126' title='bbox 224 1939 348 2001; x_wconf 89' lang='lat' dir='ltr'><strong>corpora</strong></span> <span class='ocrx_word' id='word_1_127' title='bbox 371 1940 445 2000; x_wconf 91' lang='lat' dir='ltr'><strong>quae</strong></span> <span class='ocrx_word' id='word_1_128' title='bbox 468 1922 580 1983; x_wconf 83' lang='lat' dir='ltr'><strong>iaciunt</strong></span> <span class='ocrx_word' id='word_1_129' title='bbox 601 1921 688 1983; x_wconf 91' lang='lat' dir='ltr'><strong>nubis</strong></span> <span class='ocrx_word' id='word_1_130' title='bbox 711 1923 887 2003; x_wconf 89' lang='lat' dir='ltr'><strong>nimbosque</strong></span> <span class='ocrx_word' id='word_1_131' title='bbox 909 1923 1048 1985; x_wconf 87' lang='lat' dir='ltr'><strong>volantis:</strong></span> 
     </span>
     <span class='ocr_line' id='line_1_21' title="bbox 152 2008 1156 2092; baseline 0.009 -25"><span class='ocrx_word' id='word_1_132' title='bbox 152 2016 207 2068; x_wconf 92' lang='grc'><strong>485</strong></span> <span class='ocrx_word' id='word_1_133' title='bbox 225 2008 471 2071; x_wconf 90' lang='lat' dir='ltr'><strong>innumerabilem</strong></span> <span class='ocrx_word' id='word_1_134' title='bbox 485 2012 565 2070; x_wconf 90' lang='lat' dir='ltr'><strong>enim</strong></span> <span class='ocrx_word' id='word_1_135' title='bbox 578 2029 735 2072; x_wconf 90' lang='lat' dir='ltr'><strong>numerum</strong></span> <span class='ocrx_word' id='word_1_136' title='bbox 749 2030 952 2092; x_wconf 90' lang='lat' dir='ltr'><strong>summamque</strong></span> <span class='ocrx_word' id='word_1_137' title='bbox 965 2013 1107 2091; x_wconf 87' lang='lat' dir='ltr'><strong>profundi</strong></span> <span class='ocrx_word' id='word_1_138' title='bbox 1118 2035 1156 2076; x_wconf 78' lang='grc'><strong>100</strong></span> 
     </span>
     <span class='ocr_line' id='line_1_22' title="bbox 224 2098 925 2179; baseline 0.001 -19"><span class='ocrx_word' id='word_1_139' title='bbox 224 2117 290 2160; x_wconf 92' lang='grc'><strong>0000</strong></span> <span class='ocrx_word' id='word_1_140' title='bbox 313 2099 458 2159; x_wconf 85' lang='lat' dir='ltr'><strong>infinitam</strong></span> <span class='ocrx_word' id='word_1_141' title='bbox 481 2098 581 2179; x_wconf 90' lang='lat' dir='ltr'><strong>docui,</strong></span> <span class='ocrx_word' id='word_1_142' title='bbox 604 2107 769 2179; x_wconf 87' lang='lat' dir='ltr'><strong>quantaque</strong></span> <span class='ocrx_word' id='word_1_143' title='bbox 792 2099 925 2162; x_wconf 89' lang='lat' dir='ltr'><strong>volarent</strong></span> 
     </span>
     <span class='ocr_line' id='line_1_23' title="bbox 153 2186 988 2268; baseline 0 -17"><span class='ocrx_word' id='word_1_144' title='bbox 153 2203 205 2253; x_wconf 87' lang='grc'><strong>480</strong></span> <span class='ocrx_word' id='word_1_145' title='bbox 224 2204 348 2266; x_wconf 91' lang='lat' dir='ltr'><strong>corpora</strong></span> <span class='ocrx_word' id='word_1_146' title='bbox 370 2186 533 2247; x_wconf 89' lang='lat' dir='ltr'><strong>mobilitate</strong></span> <span class='ocrx_word' id='word_1_147' title='bbox 556 2187 672 2248; x_wconf 89' lang='lat' dir='ltr'><strong>ostendi</strong></span> <span class='ocrx_word' id='word_1_148' title='bbox 696 2206 842 2267; x_wconf 88' lang='lat' dir='ltr'><strong>quamque</strong></span> <span class='ocrx_word' id='word_1_149' title='bbox 864 2197 988 2268; x_wconf 87' lang='lat' dir='ltr'><strong>repente</strong></span> 
     </span>
     <span class='ocr_line' id='line_1_24' title="bbox 223 2274 993 2354; baseline 0.004 -19"><span class='ocrx_word' id='word_1_150' title='bbox 223 2274 455 2336; x_wconf 90' lang='lat' dir='ltr'><strong>immemorabile</strong></span> <span class='ocrx_word' id='word_1_151' title='bbox 472 2292 533 2354; x_wconf 78' lang='lat' dir='ltr'><strong>per</strong></span> <span class='ocrx_word' id='word_1_152' title='bbox 555 2278 682 2354; x_wconf 90' lang='lat' dir='ltr'><strong>spatium</strong></span> <span class='ocrx_word' id='word_1_153' title='bbox 704 2279 832 2337; x_wconf 88' lang='lat' dir='ltr'><strong>transire</strong></span> <span class='ocrx_word' id='word_1_154' title='bbox 856 2277 993 2339; x_wconf 90' lang='lat' dir='ltr'><strong>solerent.</strong></span> 
     </span>
     <span class='ocr_line' id='line_1_25' title="bbox 223 2363 1007 2445; baseline 0.005 -22"><span class='ocrx_word' id='word_1_155' title='bbox 223 2363 295 2423; x_wconf 89' lang='lat' dir='ltr'><strong>haut</strong></span> <span class='ocrx_word' id='word_1_156' title='bbox 317 2365 408 2441; x_wconf 89' lang='lat' dir='ltr'><strong>igitur</strong></span> <span class='ocrx_word' id='word_1_157' title='bbox 429 2365 580 2445; x_wconf 89' lang='lat' dir='ltr'><strong>mirumst,</strong></span> <span class='ocrx_word' id='word_1_158' title='bbox 604 2366 630 2424; x_wconf 96' lang='lat' dir='ltr'><strong>si</strong></span> <span class='ocrx_word' id='word_1_159' title='bbox 652 2382 741 2443; x_wconf 86' lang='lat' dir='ltr'><strong>parvo</strong></span> <span class='ocrx_word' id='word_1_160' title='bbox 763 2372 896 2444; x_wconf 89' lang='lat' dir='ltr'><strong>tempore</strong></span> <span class='ocrx_word' id='word_1_161' title='bbox 920 2384 1007 2445; x_wconf 88' lang='lat' dir='ltr'><strong>saepe</strong></span> 
     </span>
     <span class='ocr_line' id='line_1_26' title="bbox 152 2450 1156 2533; baseline 0.007 -24"><span class='ocrx_word' id='word_1_162' title='bbox 152 2459 207 2510; x_wconf 87' lang='grc'><strong>400</strong></span> <span class='ocrx_word' id='word_1_163' title='bbox 223 2458 283 2511; x_wconf 89' lang='lat' dir='ltr'><strong>tam</strong></span> <span class='ocrx_word' id='word_1_164' title='bbox 305 2453 419 2529; x_wconf 86' lang='lat' dir='ltr'><strong>magnis</strong></span> <span class='ocrx_word' id='word_1_165' title='bbox 443 2450 552 2512; x_wconf 92' lang='lat' dir='ltr'><strong>nimbis</strong></span> <span class='ocrx_word' id='word_1_166' title='bbox 574 2459 734 2530; x_wconf 89' lang='lat' dir='ltr'><strong>tempestas</strong></span> <span class='ocrx_word' id='word_1_167' title='bbox 757 2459 844 2533; x_wconf 86' lang='lat' dir='ltr'><strong>atquc</strong></span> <span class='ocrx_word' id='word_1_168' title='bbox 867 2453 1007 2515; x_wconf 90' lang='lat' dir='ltr'><strong>tenebrae</strong></span> <span class='ocrx_word' id='word_1_169' title='bbox 1119 2477 1156 2517; x_wconf 81' lang='grc'><strong>100</strong></span> 
     </span>
     <span class='ocr_line' id='line_1_27' title="bbox 225 2540 979 2624; baseline 0.008 -27"><span class='ocrx_word' id='word_1_170' title='bbox 225 2540 380 2617; x_wconf 89' lang='lat' dir='ltr'><strong>coperiunt</strong></span> <span class='ocrx_word' id='word_1_171' title='bbox 401 2541 494 2599; x_wconf 87' lang='lat' dir='ltr'><strong>maria</strong></span> <span class='ocrx_word' id='word_1_172' title='bbox 516 2546 668 2600; x_wconf 89' lang='grc'><strong>10101110</strong></span> <span class='ocrx_word' id='word_1_173' title='bbox 690 2543 814 2620; x_wconf 88' lang='lat' dir='ltr'><strong>inpensa</strong></span> <span class='ocrx_word' id='word_1_174' title='bbox 837 2560 979 2624; x_wconf 89' lang='lat' dir='ltr'><strong>superne,</strong></span> 
     </span>
     <span class='ocr_line' id='line_1_28' title="bbox 152 2626 1088 2707; baseline 0.002 -17"><span class='ocrx_word' id='word_1_175' title='bbox 152 2626 354 2704; x_wconf 76' lang='grc'><strong>4850111010</strong></span> <span class='ocrx_word' id='word_1_176' title='bbox 379 2626 616 2705; x_wconf 90' lang='lat' dir='ltr'><strong>quandoquidem</strong></span> <span class='ocrx_word' id='word_1_177' title='bbox 638 2647 694 2707; x_wconf 91' lang='lat' dir='ltr'><strong>per</strong></span> <span class='ocrx_word' id='word_1_178' title='bbox 715 2628 813 2690; x_wconf 87' lang='lat' dir='ltr'><strong>caulas</strong></span> <span class='ocrx_word' id='word_1_179' title='bbox 836 2631 966 2692; x_wconf 88' lang='lat' dir='ltr'><strong>aetheris</strong></span> <span class='ocrx_word' id='word_1_180' title='bbox 990 2633 1088 2692; x_wconf 90' lang='lat' dir='ltr'><strong>omnis</strong></span> 
     </span>
     <span class='ocr_line' id='line_1_29' title="bbox 224 2715 989 2796; baseline 0.007 -22"><span class='ocrx_word' id='word_1_181' title='bbox 224 2721 254 2774; x_wconf 89' lang='lat' dir='ltr'><strong>et</strong></span> <span class='ocrx_word' id='word_1_182' title='bbox 277 2715 361 2792; x_wconf 91' lang='lat' dir='ltr'><strong>quasi</strong></span> <span class='ocrx_word' id='word_1_183' title='bbox 382 2733 437 2793; x_wconf 91' lang='lat' dir='ltr'><strong>per</strong></span> <span class='ocrx_word' id='word_1_184' title='bbox 458 2718 557 2794; x_wconf 88' lang='lat' dir='ltr'><strong>magni</strong></span> <span class='ocrx_word' id='word_1_185' title='bbox 581 2718 694 2777; x_wconf 93' lang='lat' dir='ltr'><strong>circum</strong></span> <span class='ocrx_word' id='word_1_186' title='bbox 717 2718 863 2796; x_wconf 90' lang='lat' dir='ltr'><strong>spiracula</strong></span> <span class='ocrx_word' id='word_1_187' title='bbox 884 2718 989 2780; x_wconf 92' lang='lat' dir='ltr'><strong>mundi</strong></span> 
     </span>
     <span class='ocr_line' id='line_1_30' title="bbox 224 2804 985 2881; baseline 0.007 -18"><span class='ocrx_word' id='word_1_188' title='bbox 224 2804 320 2864; x_wconf 81' lang='lat' dir='ltr'><strong>exitus</strong></span> <span class='ocrx_word' id='word_1_189' title='bbox 342 2805 540 2881; x_wconf 89' lang='lat' dir='ltr'><strong>introitusque</strong></span> <span class='ocrx_word' id='word_1_190' title='bbox 563 2804 718 2866; x_wconf 88' lang='lat' dir='ltr'><strong>elementis</strong></span> <span class='ocrx_word' id='word_1_191' title='bbox 741 2806 875 2867; x_wconf 90' lang='lat' dir='ltr'><strong>redditus</strong></span> <span class='ocrx_word' id='word_1_192' title='bbox 898 2814 985 2869; x_wconf 84' lang='lat' dir='ltr'><strong>extat.</strong></span> 
     </span>
     <span class='ocr_line' id='line_1_31' title="bbox 152 2890 1158 2972; baseline 0.009 -23"><span class='ocrx_word' id='word_1_193' title='bbox 152 2898 206 2950; x_wconf 87' lang='grc'><strong>495</strong></span> <span class='ocrx_word' id='word_1_194' title='bbox 266 2890 352 2952; x_wconf 91' lang='lat' dir='ltr'><strong>Nunc</strong></span> <span class='ocrx_word' id='word_1_195' title='bbox 374 2909 440 2972; x_wconf 87' lang='lat' dir='ltr'><strong>age,</strong></span> <span class='ocrx_word' id='word_1_196' title='bbox 465 2910 522 2970; x_wconf 94' lang='lat' dir='ltr'><strong>quo</strong></span> <span class='ocrx_word' id='word_1_197' title='bbox 544 2900 630 2971; x_wconf 88' lang='lat' dir='ltr'><strong>pacto</strong></span> <span class='ocrx_word' id='word_1_198' title='bbox 652 2893 771 2972; x_wconf 87' lang='lat' dir='ltr'><strong>pluvius</strong></span> <span class='ocrx_word' id='word_1_199' title='bbox 794 2902 967 2956; x_wconf 88' lang='lat' dir='ltr'><strong>concrescat</strong></span> <span class='ocrx_word' id='word_1_200' title='bbox 987 2895 1158 2958; x_wconf 80' lang='grc'><strong>1011110100</strong></span> 
     </span>
     <span class='ocr_line' id='line_1_32' title="bbox 222 2978 1044 3060; baseline 0.006 -21"><span class='ocrx_word' id='word_1_201' title='bbox 222 2978 352 3040; x_wconf 90' lang='lat' dir='ltr'><strong>nubibus</strong></span> <span class='ocrx_word' id='word_1_202' title='bbox 374 2998 473 3060; x_wconf 91' lang='lat' dir='ltr'><strong>umor,</strong></span> <span class='ocrx_word' id='word_1_203' title='bbox 496 2986 527 3041; x_wconf 92' lang='lat' dir='ltr'><strong>et</strong></span> <span class='ocrx_word' id='word_1_204' title='bbox 549 2983 580 3041; x_wconf 93' lang='lat' dir='ltr'><strong>in</strong></span> <span class='ocrx_word' id='word_1_205' title='bbox 602 2987 698 3042; x_wconf 90' lang='lat' dir='ltr'><strong>terras</strong></span> <span class='ocrx_word' id='word_1_206' title='bbox 720 2982 867 3044; x_wconf 90' lang='lat' dir='ltr'><strong>demissus</strong></span> <span class='ocrx_word' id='word_1_207' title='bbox 891 2989 925 3044; x_wconf 93' lang='lat' dir='ltr'><strong>ut</strong></span> <span class='ocrx_word' id='word_1_208' title='bbox 947 2983 1044 3044; x_wconf 89' lang='lat' dir='ltr'><strong>imber</strong></span> 
     </span>
    </p>
   </div>
   <div class='ocr_carea' id='block_1_3' title="bbox 138 3067 1161 3593">
    <p class='ocr_par' dir='ltr' id='par_1_3' title="bbox 152 3067 1158 3329">
     <span class='ocr_line' id='line_1_33' title="bbox 152 3067 1032 3151; baseline -0.001 -18"><span class='ocrx_word' id='word_1_209' title='bbox 152 3083 204 3133; x_wconf 87' lang='grc'><strong>400</strong></span> <span class='ocrx_word' id='word_1_210' title='bbox 224 3067 353 3148; x_wconf 80' lang='lat' dir='ltr'><strong>decidat,</strong></span> <span class='ocrx_word' id='word_1_211' title='bbox 378 3068 538 3147; x_wconf 84' lang='lat' dir='ltr'><strong>expediam.</strong></span> <span class='ocrx_word' id='word_1_212' title='bbox 575 3071 704 3148; x_wconf 92' lang='lat' dir='ltr'><strong>primum</strong></span> <span class='ocrx_word' id='word_1_213' title='bbox 727 3072 785 3130; x_wconf 89' lang='lat' dir='ltr'><strong>iam</strong></span> <span class='ocrx_word' id='word_1_214' title='bbox 809 3073 922 3132; x_wconf 89' lang='lat' dir='ltr'><strong>semina</strong></span> <span class='ocrx_word' id='word_1_215' title='bbox 945 3075 1032 3151; x_wconf 93' lang='lat' dir='ltr'><strong>aquai</strong></span> 
     </span>
     <span class='ocr_line' id='line_1_34' title="bbox 222 3154 1014 3239; baseline 0.008 -24"><span class='ocrx_word' id='word_1_216' title='bbox 222 3154 314 3216; x_wconf 90' lang='lat' dir='ltr'><strong>multa</strong></span> <span class='ocrx_word' id='word_1_217' title='bbox 337 3155 426 3216; x_wconf 92' lang='lat' dir='ltr'><strong>simul</strong></span> <span class='ocrx_word' id='word_1_218' title='bbox 448 3158 563 3217; x_wconf 83' lang='lat' dir='ltr'><strong>vincam</strong></span> <span class='ocrx_word' id='word_1_219' title='bbox 586 3175 765 3236; x_wconf 88' lang='lat' dir='ltr'><strong>consurgere</strong></span> <span class='ocrx_word' id='word_1_220' title='bbox 787 3158 916 3220; x_wconf 94' lang='lat' dir='ltr'><strong>nubibus</strong></span> <span class='ocrx_word' id='word_1_221' title='bbox 939 3162 1014 3239; x_wconf 93' lang='lat' dir='ltr'><strong>ipsis</strong></span> 
     </span>
     <span class='ocr_line' id='line_1_35' title="bbox 224 3242 1158 3329; baseline 0.007 -27"><span class='ocrx_word' id='word_1_222' title='bbox 224 3242 361 3304; x_wconf 88' lang='lat' dir='ltr'><strong>omnihus</strong></span> <span class='ocrx_word' id='word_1_223' title='bbox 385 3262 421 3304; x_wconf 89' lang='lat' dir='ltr'><strong>ex</strong></span> <span class='ocrx_word' id='word_1_224' title='bbox 443 3244 545 3325; x_wconf 92' lang='lat' dir='ltr'><strong>rebus,</strong></span> <span class='ocrx_word' id='word_1_225' title='bbox 571 3247 740 3325; x_wconf 88' lang='lat' dir='ltr'><strong>pariterque</strong></span> <span class='ocrx_word' id='word_1_226' title='bbox 764 3248 805 3308; x_wconf 89' lang='lat' dir='ltr'><strong>ita</strong></span> <span class='ocrx_word' id='word_1_227' title='bbox 827 3266 962 3310; x_wconf 90' lang='lat' dir='ltr'><strong>crescere</strong></span> <span class='ocrx_word' id='word_1_228' title='bbox 985 3254 1158 3329; x_wconf 88' lang='lat' dir='ltr'><strong>utrumque,</strong></span> 
     </span>
    </p>

    <p class='ocr_par' dir='ltr' id='par_1_4' title="bbox 153 3330 1161 3507">
     <span class='ocr_line' id='line_1_36' title="bbox 153 3330 1161 3419; baseline 0.011 -30"><span class='ocrx_word' id='word_1_229' title='bbox 153 3337 255 3391; x_wconf 87' lang='grc'><strong>50001</strong></span> <span class='ocrx_word' id='word_1_230' title='bbox 277 3330 374 3411; x_wconf 90' lang='lat' dir='ltr'><strong>nubis,</strong></span> <span class='ocrx_word' id='word_1_231' title='bbox 398 3337 427 3393; x_wconf 91' lang='lat' dir='ltr'><strong>et</strong></span> <span class='ocrx_word' id='word_1_232' title='bbox 450 3351 565 3414; x_wconf 88' lang='lat' dir='ltr'><strong>aquam,</strong></span> <span class='ocrx_word' id='word_1_233' title='bbox 588 3352 790 3414; x_wconf 87' lang='lat' dir='ltr'><strong>quaecumque</strong></span> <span class='ocrx_word' id='word_1_234' title='bbox 813 3339 845 3397; x_wconf 94' lang='lat' dir='ltr'><strong>in</strong></span> <span class='ocrx_word' id='word_1_235' title='bbox 868 3336 997 3398; x_wconf 89' lang='lat' dir='ltr'><strong>nubibus</strong></span> <span class='ocrx_word' id='word_1_236' title='bbox 1019 3345 1107 3419; x_wconf 86' lang='lat' dir='ltr'><strong>extat,</strong></span> <span class='ocrx_word' id='word_1_237' title='bbox 1122 3359 1161 3400; x_wconf 81' lang='grc'><strong>000</strong></span> 
     </span>
     <span class='ocr_line' id='line_1_37' title="bbox 222 3419 1030 3507; baseline 0.01 -29"><span class='ocrx_word' id='word_1_238' title='bbox 222 3426 256 3480; x_wconf 90' lang='lat' dir='ltr'><strong>ut</strong></span> <span class='ocrx_word' id='word_1_239' title='bbox 277 3422 389 3498; x_wconf 90' lang='lat' dir='ltr'><strong>pariter</strong></span> <span class='ocrx_word' id='word_1_240' title='bbox 411 3419 497 3481; x_wconf 91' lang='lat' dir='ltr'><strong>nobis</strong></span> <span class='ocrx_word' id='word_1_241' title='bbox 521 3439 629 3500; x_wconf 91' lang='lat' dir='ltr'><strong>corpus</strong></span> <span class='ocrx_word' id='word_1_242' title='bbox 652 3441 719 3482; x_wconf 88' lang='lat' dir='ltr'><strong>oum</strong></span> <span class='ocrx_word' id='word_1_243' title='bbox 743 3426 884 3503; x_wconf 88' lang='lat' dir='ltr'><strong>sanguine</strong></span> <span class='ocrx_word' id='word_1_244' title='bbox 909 3427 1030 3507; x_wconf 90' lang='lat' dir='ltr'><strong>crescit,</strong></span> 
     </span>
    </p>

    <p class='ocr_par' dir='ltr' id='par_1_5' title="bbox 138 3508 1160 3593">
     <span class='ocr_line' id='line_1_38' title="bbox 138 3508 1160 3593; baseline 0.003 -21"><span class='ocrx_word' id='word_1_245' title='bbox 138 3523 193 3573; x_wconf 86' lang='grc'><strong>485</strong></span> <span class='ocrx_word' id='word_1_246' title='bbox 213 3508 310 3570; x_wconf 91' lang='lat' dir='ltr'><strong>sudor</strong></span> <span class='ocrx_word' id='word_1_247' title='bbox 328 3511 412 3593; x_wconf 91' lang='lat' dir='ltr'><strong>item,</strong></span> <span class='ocrx_word' id='word_1_248' title='bbox 431 3516 521 3592; x_wconf 91' lang='lat' dir='ltr'><strong>atque</strong></span> <span class='ocrx_word' id='word_1_249' title='bbox 539 3529 627 3573; x_wconf 89' lang='lat' dir='ltr'><strong>umor</strong></span> <span class='ocrx_word' id='word_1_250' title='bbox 647 3514 855 3591; x_wconf 79' lang='lat' dir='ltr'><strong>quicumquest</strong></span> <span class='ocrx_word' id='word_1_251' title='bbox 869 3513 997 3590; x_wconf 81' lang='lat' dir='ltr'><strong>denique</strong></span> <span class='ocrx_word' id='word_1_252' title='bbox 1009 3514 1160 3575; x_wconf 84' lang='lat' dir='ltr'><strong>membris.</strong></span> 
     </span>
    </p>
   </div>
   <div class='ocr_carea' id='block_1_4' title="bbox 0 0 1220 3878">
    <p class='ocr_par' dir='ltr' id='par_1_6' title="bbox 0 0 1220 3878">
     <span class='ocr_line' id='line_1_39' title="bbox 0 0 1220 3878; baseline 0 0"><span class='ocrx_word' id='word_1_253' title='bbox 0 0 1220 3878; x_wconf 95' lang='lat' dir='ltr'><strong> </strong></span> 
     </span>
    </p>
   </div>
  </div>
 </body>
</html>
