2430 3878
35 348 39 358 ,
64 317 120 367 030
137 311 200 369 rim
222 307 349 374 subitam
372 308 513 371 tolerare:
535 312 576 372 ita
598 328 703 391 magno
727 310 863 374 turbidus
886 311 976 373 imbri
1059 337 1061 340 ·

138 397 266 458 molibus
288 399 428 478 incurrit,
450 398 556 459 validis
578 418 646 460 cum
668 399 780 461 viribus
785 448 794 481 ,
817 403 925 482 amnis,
1159 429 1162 436 ·

139 485 190 546 dat
213 488 311 546 sonitu
334 505 439 564 magno
463 493 591 565 stragem
614 487 761 567 volvitque
785 488 841 549 sub
863 488 951 550 undis

139 574 261 654 grandia
285 592 354 635 saxa
377 576 496 653 ruitque
518 577 559 636 ita
583 576 725 656 quidquid
745 576 886 638 fluctibus
910 575 1013 638 obstat.
1063 618 1065 623 -

66 671 126 724 330
141 665 185 724 sic
207 665 299 741 igitur
322 662 430 724 debent
452 665 533 724 renti
556 682 672 744 quoque
694 664 813 726 flamina
836 665 921 746 ferri3
1036 679 1078 720 roo

67 757 120 809 030
141 769 216 831 quae
239 746 482 812 veluti‘validum
504 770 572 813 cum
595 753 705 814 llumen
727 752 913 833 procubuere

141 859 229 919 quam
251 838 325 900 libet
347 841 378 900 in
401 846 529 920 partem,
552 841 676 902 trudunt
699 860 747 902 res
770 849 839 903 ante
860 849 1009 919 ruuntque

140 928 300 1008 impetibus
320 927 449 1009 crebris,
472 929 622 990 interdum
645 932 755 991 vertice
777 937 855 991 torto

140 1019 306 1097 corripiunt
328 1017 489 1096 rapideque
511 1020 621 1078 rotanti
644 1017 763 1079 turbine
785 1024 911 1098 portant.

66 1112 125 1165 295
140 1123 232 1185 quare
255 1107 343 1167 etiam
367 1113 455 1184 atque
479 1107 567 1166 etiam
590 1112 660 1166 sunt
680 1108 762 1167 venti
784 1124 908 1186 corpora
927 1123 1022 1187 caeca,
1036 1117 1076 1160 000

66 1201 121 1252 300
141 1193 380 1274 quandoquidem
403 1193 488 1254 lactis
511 1200 541 1254 et
563 1193 696 1254 moribus
720 1194 833 1255 aemula
855 1197 969 1272 magnis

140 1281 276 1344 amnibus
299 1283 502 1362 inveniuntur,
525 1289 626 1360 aperto
649 1300 773 1362 corpore
797 1285 848 1362 qui
871 1290 947 1344 sunt

139 1379 203 1432 tum
225 1388 315 1451 porro
338 1372 434 1431 varios
457 1388 558 1431 rerum
581 1373 726 1432 sentimus
749 1371 869 1452 odores,

139 1477 196 1522 nec
218 1466 316 1520 tamen
339 1458 375 1518 ad
397 1460 479 1541 naris
502 1461 649 1520 venientis
672 1461 821 1521 cernimus
844 1477 998 1540 umquam,

64 1555 126 1625 300
138 1566 194 1609 nec
217 1547 327 1608 calidos
351 1554 450 1608 aestus
473 1548 597 1629 tuimur,
620 1566 676 1609 nec
698 1548 807 1627 frigora
831 1550 949 1626 quimus
1037 1560 1078 1602 000

24 1706 27 1712 ,
65 1642 121 1695 295
140 1654 285 1715 usurpare
304 1635 415 1716 oculis,
438 1653 494 1696 nec
516 1654 603 1697 voces
626 1655 748 1698 cernere
772 1655 905 1717 suemus3

141 1743 216 1804 quae
238 1731 337 1785 umen
360 1726 459 1785 omnia
481 1741 623 1803 corporea
645 1732 781 1785 constare
804 1731 956 1786 necessest

140 1820 258 1895 natura,
281 1814 419 1892 quoniam
442 1829 548 1873 sensus
571 1811 714 1891 inpellere
735 1820 874 1892 possunt:

140 1909 261 1981 tangere
289 1903 368 1962 enim
393 1907 424 1961 et
445 1902 539 1981 tangi,
566 1902 626 1962 nisi
648 1919 769 1982 corpus,
796 1901 876 1962 nulla
898 1906 996 1980 potest
1019 1917 1076 1960 res.

64 1997 125 2050 305
141 1990 269 2069 denique
292 1989 457 2068 fluctifrago
481 2007 642 2068 suspensae
665 1992 697 2050 in
719 1990 805 2051 litore
828 1996 925 2050 vestes
1038 1999 1079 2042 000

66 2085 122 2138 300
139 2085 297 2159 uvescunt,
320 2077 440 2138 eaedem
464 2077 619 2156 dispansae
641 2080 673 2139 in
697 2077 758 2138 sole
781 2084 943 2139 seresount.

140 2173 171 2229 at
193 2185 289 2246 neque
312 2184 372 2245 quo
394 2173 479 2245 pacto
503 2166 668 2244 persederit
688 2183 777 2226 umor
800 2167 885 2244 aquai

140 2258 279 2336 visumst,
301 2273 357 2315 nec
376 2272 500 2316 rursum
523 2271 580 2332 quo
602 2260 687 2332 pacto
711 2254 819 2331 ingerit
842 2258 932 2313 aestu

141 2347 173 2405 in
195 2361 300 2424 parvas
322 2345 414 2422 igitur
436 2344 528 2423 partis
553 2341 734 2420 dispergitur
754 2359 856 2423 umor,

66 2439 125 2493 310
141 2450 215 2512 quas
238 2432 317 2493 oculi
338 2430 419 2493 nulla
442 2437 567 2510 possunt
586 2431 703 2491 ratione
725 2429 833 2490 videre.
1037 2442 1079 2484 uo

67 2528 123 2579 aot
142 2523 215 2601 quin
237 2522 327 2581 etiam
348 2518 450 2580 multis
473 2517 545 2579 solis
568 2517 760 2579 redeuntibus
783 2520 868 2578 annis

141 2608 246 2670 anulus
269 2610 301 2669 in
324 2608 415 2686 digito
439 2606 541 2668 subter
563 2613 703 2667 tenuatur
723 2605 872 2687 babendo,

142 2697 264 2758 stilicidi
286 2714 371 2757 casus
395 2695 523 2775 lapidem
546 2702 640 2776 cavat,
662 2713 757 2756 uncus
780 2697 870 2756 aratri

141 2786 256 2847 ferreus
280 2784 394 2846 occulte
416 2784 565 2845 decrescit
586 2800 687 2844 vomer
709 2785 741 2843 in
764 2785 854 2863 arvis,

67 2881 124 2934 315
141 2880 289 2954 strataque
313 2875 373 2933 iam
394 2871 473 2951 volgi
495 2870 620 2950 pedibus
643 2871 751 2932 detrita
773 2872 887 2930 riarum
1039 2883 1078 2924 ara

68 2969 123 3020 310
142 2980 229 3023 saxea
252 2962 464 3041 conspicimus3
487 2967 550 3020 tum
572 2966 673 3038 portas
696 2965 817 3038 propter
840 2962 913 3018 aena
1031 2962 1032 2967 ’

143 3053 227 3130 signa
249 3068 353 3111 manus
377 3049 495 3109 dextras
518 3047 678 3108 ostendunt
699 3047 853 3108 adtenuari

143 3157 231 3219 saepe
255 3138 433 3200 salutantum
455 3142 536 3196 tactu
557 3143 734 3215 praeterque
757 3141 914 3195 meantum.

141 3227 214 3290 baec
236 3229 328 3306 igitur
350 3226 457 3306 minui,
481 3241 548 3285 cum
572 3227 632 3284 sint
655 3221 945 3303 detrita‚-ridemus:

67 3323 125 3376 320
142 3315 195 3377 sed
218 3334 292 3396 quae
316 3332 440 3394 corpora
462 3312 606 3373 decedant
627 3314 659 3372 in
681 3318 814 3390 tempore
838 3329 969 3391 quoque,
1040 3324 1081 3365 aso

66 3411 122 3464 310
141 3403 240 3466 invida
262 3402 422 3483 praeclusit
444 3396 468 3481 †
491 3403 622 3480 speciem
644 3406 748 3460 natura
771 3399 898 3460 videndi.

140 3499 291 3574 postremo
315 3508 517 3571 quaecumque
540 3489 607 3552 dies
628 3495 796 3571 naturaque
814 3487 912 3550 rebus
