2430 3878
447 193 728 250 PROLEGOMENA.
967 189 1092 245 LXXVII

79 338 269 403 occideres.
304 340 473 421 opprimere
498 345 535 403 mi
558 340 699 404 videam
725 341 778 417 Mr.
806 341 942 401 absurde.
966 373 1007 382 -
1028 335 1091 400 288

80 447 224 492 revocare
246 449 276 490 s:
298 448 444 493 reeoeme
466 429 538 511 Oe,
566 431 644 510 quod
669 449 728 490 non
751 437 831 490 recte
854 428 960 508 probat
981 427 1091 488 Vahlen

82 518 102 579 l.
119 538 142 578 c.
156 517 294 580 reeoemi
306 518 455 580 Lm.B.Mr.
470 537 540 597 ergo
554 520 664 599 aether,
678 538 738 579 non
752 525 845 598 terra3
861 517 912 577 sed
929 519 980 596 qui
994 524 1092 595 potest

83 607 188 667 aether
205 607 241 667 cd
261 607 399 668 diluviem
417 605 572 668 revocari?
587 640 629 650 ·-
645 604 708 667 292
731 604 767 667 m
784 602 924 668 eeiidem
938 651 966 666 ..
982 602 1093 666 nubem

83 695 184 756 sm:
206 694 242 756 im
259 691 366 757 eaiieie
380 742 408 756 ..
428 694 486 767 00.
508 694 544 756 im
558 687 744 774 yreeiicim.
760 741 767 755 .
783 694 877 755 Bentl.
891 693 953 754 Lm.
969 727 1011 736 —
1027 691 1091 755 298

83 785 168 846 dem
179 782 264 845 emit
272 782 400 855 OQedd.
411 785 463 845 Mr.
478 791 573 844 recte:
587 801 656 845 cum
668 781 853 846 emiiLmB.
863 817 905 825 —
916 780 980 844 319
998 779 1009 861 ss
1027 780 1092 843 320

84 878 127 935 at
141 869 230 935 eeiem'
243 870 301 944 OQ.
312 919 320 933 .
330 918 354 932 ..
373 869 464 951 iepsm
480 869 491 952 ΙΙ
509 872 634 932 alterum
652 880 732 932 certe
746 879 847 932 utrum
860 888 979 931 versum
994 872 1091 931 eicere

84 962 177 1023 voluit
198 961 355 1022 Lucretius
378 962 413 1021 ci.
434 980 462 1040 p.
481 960 591 1020 XXVII.
615 959 679 1022 319
698 1007 705 1020 .
725 1007 732 1020 .
756 959 846 1036 iems,
870 958 935 1022 320
958 960 988 1021 et
1004 955 1093 1020 ceiem‘

84 1051 150 1111 edd.
172 1050 241 1111 inde
264 1048 300 1109 ab
323 1049 453 1109 Marullo.
469 1082 511 1090 —
527 1047 590 1110 346
603 1046 795 1128 perfrimeii
810 1047 921 1108 Merull.
940 1047 1007 1107 Mn:
1019 1065 1092 1126 pee-

18 1134 20 1138 ’
80 1137 155 1219 fiete
166 1137 199 1200 0.
213 1157 289 1199 corr.
307 1135 492 1217 epeifreyit.
516 1135 642 1216 pericii
654 1136 749 1197 Lm.B.
760 1171 802 1179 —
812 1135 900 1215 ipsis
917 1133 1092 1215 corporibus

82 1244 205 1290 rerem:
231 1224 301 1305 ipse
324 1226 448 1297 Ochd.
468 1258 510 1268 -
530 1222 593 1288 358
616 1223 852 1303 interutrasque
874 1245 899 1285 v.
918 1224 954 1284 ad
973 1221 1091 1286 11518:

83 1314 297 1393 ietemtmqee
314 1314 410 1374 Lm.B.
425 1348 467 1356 -
482 1311 546 1376 363
569 1311 657 1376 sembi
678 1313 843 1374 Lm.B.Mr.:
865 1310 953 1375 mobis
975 1311 1033 1384 OQ.
1049 1347 1091 1355 -

85 1403 160 1467 367,
184 1401 256 1466 365.
280 1401 344 1466 368
355 1422 397 1483 sq.
425 1402 507 1463 Bkm.
535 1421 603 1462 nam
630 1421 690 1462 non
717 1404 825 1482 frigore
854 1409 884 1462 et
911 1410 1006 1482 aestu,
1039 1401 1090 1461 sed

85 1493 204 1572 ignibus
224 1499 254 1552 et
271 1493 366 1552 ventis
385 1510 459 1570 opus
478 1499 525 1552 est
543 1491 578 1551 ad
597 1491 764 1552 fabricanda
782 1491 912 1552 fulmina.
924 1525 965 1532 —
977 1488 1090 1568 364sq.

77 1579 190 1662 prime
212 1577 345 1642 celeris.
366 1596 465 1658 mers
487 1586 525 1642 et
540 1582 697 1659 postrema
719 1578 832 1659 riqeris
854 1582 971 1657 tempus
993 1577 1029 1639 ii
1049 1580 1094 1640 est

82 1687 212 1732 emmm
230 1668 330 1729 Lcmb.
348 1668 414 1727 Mc:
437 1685 518 1746 pers
536 1671 622 1730 esi..
644 1666 758 1747 emeris
774 1715 803 1728 ..
823 1666 881 1739 00.
900 1684 1027 1746 ..pers
1049 1669 1094 1728 est

82 1756 209 1838 siseris,
238 1759 354 1836 tempus
377 1758 414 1818 m
433 1759 479 1818 est
498 1755 560 1816 Lm.
583 1755 613 1817 si
633 1759 678 1819 est
694 1803 727 1817 ..
750 1755 787 1817 id
806 1758 851 1818 est
869 1755 900 1817 Β.
915 1788 957 1798 -
973 1753 1037 1817 365
1048 1775 1090 1834 sq.

83 1864 180 1926 queste
196 1863 339 1925 pmfflmme
360 1846 506 1906 necessest
527 1842 691 1906 dissimiles
713 1843 793 1906 ieter
814 1861 846 1907 se
863 1860 930 1906 res
947 1843 1009 1903 Lm.
1032 1861 1090 1921 qm
1187 1869 1191 1874 ·

82 1952 185 1997 res..
208 1932 288 1995 mter
309 1950 373 1996 sese
394 1933 425 1993 B.
458 1931 620 1994 dissimilis
645 1950 694 1995 res
719 1932 800 1995 mter
826 1950 858 1995 se
883 1933 936 1992 Mr.
959 1965 1001 1974 -
1026 1930 1090 1994 379

82 2021 194 2103 quidve
214 2039 354 2084 mmmere
375 2023 493 2100 queat.
517 2067 524 2081 .
548 2019 649 2081 Bkmi
674 2039 778 2083 eiecere
800 2021 925 2092 OQedd.
946 2054 988 2062 —
1012 2018 1090 2098 [383

83 2107 209 2188 -385]
225 2137 266 2159 =
281 2107 420 2190 85-87,
443 2109 605 2171 Neumann.
629 2110 665 2170 de
688 2109 833 2188 interpell.
856 2128 884 2188 p.
902 2106 951 2189 17,
975 2108 1089 2169 Gneiss.
1121 2149 1122 2152 κ

84 2201 122 2261 de
145 2198 252 2259 versib.
274 2201 307 2259 in
329 2197 360 2258 L.
385 2216 473 2259 cerm.
495 2200 630 2277 repetitis
653 2217 681 2276 p.
697 2194 747 2277 79,
771 2201 823 2275 qui
846 2204 913 2256 ante
936 2195 1000 2258 382
1024 2216 1088 2256 ver-

84 2306 152 2348 sum
171 2287 315 2348 excidisse
333 2294 425 2367 putat.
444 2320 485 2329 —
505 2284 570 2348 382
592 2303 651 2364 qm
666 2285 849 2364 quoiqmesi
869 2284 935 2344 Mn:
962 2301 1021 2362 qm
1043 2282 1091 2345 im

82 2377 172 2456 quest
187 2374 246 2446 00.
268 2392 326 2453 qm
349 2372 485 2453 cuiquest
504 2374 598 2435 Lm.B.
622 2408 664 2416 -
688 2371 751 2436 399
775 2389 941 2435 caveamus
964 2372 1090 2443 OQedd.

78 2480 252 2544 peccemus
264 2463 347 2524 Bkm.
367 2463 419 2524 sed
438 2463 549 2543 eadem,
564 2482 638 2542 quae
656 2464 688 2522 in
706 2478 875 2542 caveamus,
893 2464 925 2521 in
942 2462 978 2522 ei
993 2459 1091 2523 eiime

81 2569 232 2632 queamus
259 2553 382 2612 offensio
410 2559 462 2612 est.
499 2558 585 2631 poete
612 2570 716 2630 parum
750 2551 881 2611 attendit.
925 2568 983 2629 quo
1011 2553 1089 2610 enim

82 2643 187 2720 fugere
206 2636 376 2720 possimus?
391 2673 433 2683 —
451 2637 516 2702 446
527 2659 570 2718 sq.
593 2636 700 2702 medis
718 2686 724 2699 .
744 2685 751 2699 .
769 2636 951 2718 iedmedite
972 2636 1091 2717 eeiyms

82 2729 211 2800 OQedd.
229 2728 311 2789 Bkm.
335 2726 430 2790 meris
447 2726 567 2807 miquis
584 2727 688 2808 Lm.B.,
712 2727 825 2788 scilicet
847 2735 880 2788 ut
898 2746 966 2787 saxa
985 2735 1014 2787 et
1032 2728 1090 2787 ser·

82 2835 152 2879 rum
175 2815 351 2881 cf.11103.
378 2817 551 2878 Munronem
575 2836 642 2877 cum
664 2815 850 2875 Lachmanno
873 2833 1012 2894 peccasse
1035 2817 1090 2875 mi·

82 2908 170 2967 reris.
184 2938 227 2950 -
240 2903 306 2967 449
325 2903 396 2967 mde
419 2922 466 2968 eet
485 2924 525 2966 sc.
543 2901 659 2980 nubile,
683 2923 749 2964 cum
771 2900 865 2965 embes
886 2905 1091 2984 praecesserit,

81 3001 165 3055 recte
180 2993 238 3066 00.
261 3013 287 3054 v.
305 3013 333 3073 p.
351 2993 430 3054 XIX:
452 2991 526 3055 ieee
542 2996 561 3054 i.
579 3013 603 3054 e.
626 2990 684 3054 hee
701 2992 850 3053 Lm.B.Mr.
869 2991 939 3052 Poll.
959 2991 1089 3052 scribere

82 3100 145 3142 non
167 3085 272 3163 potuit,
295 3100 362 3142 nam
385 3099 472 3142 nemo
495 3082 525 3142 id
549 3101 617 3162 non,
639 3089 778 3142 neutrum
801 3098 866 3140 esse
889 3087 985 3160 ratus,
1013 3076 1090 3140 ἀνα-

82 3178 234 3254 φορικῶς
260 3171 296 3231 ed
325 3168 398 3233 iaec
429 3187 557 3249 cmmom
587 3171 720 3230 referret.
741 3203 783 3212 -
805 3165 870 3230 453
903 3186 997 3248 quem
1028 3167 1093 3229 sim

80 3275 231 3338 quaeque
256 3257 357 3338 meeis
385 3259 467 3319 codd.
495 3260 554 3320 ital.
577 3257 689 3318 Merull.
713 3256 826 3318 Lamb.:
859 3275 975 3336 qmoqme
999 3255 1089 3327 OQB.

81 3346 147 3429 Mn,
169 3347 388 3408 Lachmannum
412 3350 520 3428 secuti,
548 3349 599 3426 qui
623 3347 679 3406 hoc
701 3363 816 3426 qmqm
838 3346 917 3406 idem
940 3345 1001 3405 vult
1024 3364 1090 3405 esse

82 3436 163 3514 quod
186 3434 306 3516 quique,
329 3435 406 3514 quod
431 3453 490 3495 non
509 3443 589 3495 recte
608 3437 827 3514 interpretatur.
852 3434 888 3495 cf.
908 3433 943 3493 ad
962 3431 1089 3495 111668.

83 3556 127 3568 -
141 3522 207 3587 483
230 3526 295 3585 tem
315 3521 440 3604 maenis
456 3523 610 3589 mimbis
627 3522 703 3610 Lm,
723 3526 848 3588 inserts.
872 3519 1033 3586 ..mmsis
1041 3519 1112 3585 QQ.
