2430 3878
469 193 750 250 Pnounuosmun
949 265 952 271 ¹
1049 195 1111 250 ux

99 339 190 400 rehit.
240 356 319 400 nuno
350 337 386 400 ad
420 339 535 419 singula
561 341 659 401 redeo.
688 373 731 385 —
760 340 943 405 137-140.
972 340 1044 404 141.
1073 342 1109 402 de

101 426 278 489 anacolutho
296 446 321 488 v.
340 445 368 506 p.
382 426 456 488 XXI.
476 460 518 471 -
540 427 603 490 159
626 447 694 491 enm
712 435 840 492 certas
851 428 995 509 peruenit
1009 428 1045 492 e'n
1061 447 1111 492 res

63 537 68 544 ·
102 517 219 576 Susem.
233 514 410 594 Brgphilol.
425 515 516 576 XXIX
531 515 605 579 421.
637 515 720 580 nlius
736 517 793 589 00.
809 518 873 578 edd.
897 522 1006 598 inepte,
1025 522 1110 598 quasi

101 604 262 684 pleraeque
276 622 325 664 res
341 604 518 682 imaginibus
532 609 689 666 transitum
703 606 871 685 praebeant.
889 623 983 668 euros
991 606 1109 666 Lotzius

102 695 135 752 in
150 691 251 771 philol.
264 691 314 752 VH
327 711 355 770 p.
368 689 439 772 704,
457 695 528 753 51115
538 703 702 775 555555515,
720 713 779 755 555
795 701 937 755 correcto.
947 728 990 738 —
1005 692 1066 757 160
1081 703 1110 754 51

53 777 58 781 ’
104 777 170 843 165
195 781 317 842 vestem:
345 779 521 860 Oppenried.
545 800 570 842 a.
596 780 679 844 1847
707 781 829 863 nitrum,
860 783 938 862 quod
966 801 1033 843 oum
1060 783 1109 842 alii

102 876 168 929 tum
176 868 229 929 Mr.
240 868 410 949 probarunt,
419 868 546 949 Lotzius‚
558 870 606 930 hie
616 869 675 929 illis
685 873 806 950 cautior,
815 871 940 949 probare
950 889 1009 930 non
1020 889 1109 930 ausus

103 966 158 1018 551.
173 989 215 1000 -
234 954 295 1019 165
304 963 466 1035 possunt
479 956 537 1028 00.
551 957 582 1018 P.
596 958 733 1039 Langen,
750 957 850 1037 philol.
864 958 979 1018 XXXIV
994 956 1036 1019 28
1045 977 1108 1037 sqq.

103 1046 300 1124 -555511111,
323 1045 651 1127 5115115515151515555,
674 1065 749 1124 quae
772 1065 808 1106 ex
832 1049 875 1106 eis
899 1065 972 1125 quae
997 1064 1108 1106 summa

102 1137 136 1194 in
163 1134 254 1194 rebus
282 1140 351 1193 sunt
378 1134 521 1194 confiunt:
546 1132 632 1213 55115
657 1135 703 1195 est
722 1134 784 1193 Lm.
802 1134 834 1193 B.
853 1134 905 1194 Mr.
930 1134 981 1194 sed
1009 1134 1045 1194 51.
1073 1134 1109 1193 ad

102 1219 217 1283 11957
246 1228 275 1281 51
302 1240 391 1299 supra
422 1240 451 1300 p.
473 1221 534 1281 XX.
558 1255 600 1264 —
628 1219 689 1284 180
714 1239 764 1284 res
790 1223 848 1284 ent
873 1220 1108 1302 respondesne.

102 1307 1109 1390 11155155515101511-18411155511555555515-

102 1415 174 1461 5151
192 1395 309 1460 11155155
326 1396 459 1460 momine
481 1397 618 1460 tendunt:
645 1396 773 1460 numine
791 1398 849 1470 00.
864 1399 916 1459 Μ5.
940 1397 1037 1460 tendit
1048 1397 1106 1469 00.

102 1505 224 1548 versum
251 1504 304 1547 suo
331 1485 396 1546 loeo
423 1489 532 1547 retinet
557 1487 623 1567 Mn,
650 1487 722 1547 illud
749 1504 884 1566 5555555
910 1495 991 1548 55515
1018 1489 1109 1547 15155-

102 1582 245 1655 pretatus.
295 1582 362 1652 post
388 1573 449 1636 175
469 1569 549 1658 (155
572 1568 660 1657 Brg.)
681 1574 825 1636 oollocant
851 1574 913 1636 Lm.
935 1575 981 1656 Β,
1008 1573 1113 1638 motui

103 1663 278 1724 scribentes.
326 1659 388 1725 198
408 1681 451 1742 sq.
480 1661 603 1744 555515ι
624 1661 757 1741 5555515
783 1680 885 1724 eausa.
930 1664 986 1724 hoo
1014 1682 1109 1742 neque

104 1769 210 1813 sanum
242 1751 358 1810 videtur
389 1769 455 1811 esse
487 1770 583 1831 neque
619 1751 714 1811 adhuc
750 1752 901 1812 emendari
931 1754 1034 1831 potuit.
1068 1785 1109 1794 -

105 1837 171 1902 195
185 1839 246 1900 Lm.
261 1838 293 1899 B.
312 1846 379 1918 post
392 1835 457 1901 205
473 1840 664 1920 transferunt,
682 1839 734 1899 Mr.
748 1847 829 1899 reete
844 1858 897 1899 suo
911 1838 975 1900 loco
994 1842 1110 1900 retinet.

104 1963 148 1972 -
157 1925 221 1990 202
234 1926 350 2006 quaeis
357 1929 520 2006 penetrare
532 1930 646 2006 queunt
654 1944 703 2007 se,
717 1926 853 1987 videlieet
860 1945 921 2006 per
929 1925 1111 1989 5511515155-

102 2013 260 2080 vallum..
278 2015 378 2094 philol.
398 2016 488 2076 XXIX
506 2015 584 2078 437:
602 2014 728 2095 51155515
742 2063 748 2076 .
764 2063 770 2076 .
789 2032 838 2076 res
854 2015 912 2086 00.
932 2016 997 2076 edd.
1016 2015 1110 2096 vulgo,

104 2105 241 2166 absurde.
256 2137 298 2147 -
315 2101 380 2166 203
399 2097 490 2187 (Lm.)
509 2107 540 2163 in
560 2123 645 2164 suum
659 2103 756 2164 looum
775 2107 908 2181 reposuit
926 2103 987 2183 Μ5,
1006 2122 1022 2163 5
1039 2103 1109 2163 Ber·

104 2196 207 2273 napsio
226 2190 568 2271 555118855115551551.
593 2189 666 2272 202,
685 2189 749 2254 203
769 2185 847 2271 (208
861 2185 943 2273 Brg.)
961 2191 1111 2252 5551551-

104 2299 164 2361 que
184 2279 288 2360 ripere
306 2279 377 2350 OQ:
405 2278 575 2358 5155111555
595 2280 657 2339 Lm.
681 2313 724 2323 -
749 2276 810 2338 211
836 2293 957 2340 nonne
979 2297 1054 2338 corr.
1078 2279 1110 2349 Q.

105 2371 202 2430 Blrm.:
229 2385 326 2448 quone
353 2367 613 2437 duumuiri.
639 2401 684 2410 -
710 2365 775 2429 218
802 2364 907 2429 sidem
932 2364 1113 2445 respondent

104 2456 142 2520 11
164 2475 248 2538 aquo
266 2503 272 2517 .
287 2502 316 2517 ..
335 2454 448 2518 mnndi
471 2456 530 2526 00.
551 2455 645 2534 vulgo.
664 2455 759 2516 ka
778 2454 844 2515 Mn:
866 2453 980 2518 mundo
1002 2454 1064 2515 Lm.
1078 2454 1110 2516 B.

106 2580 149 2589 -
168 2543 232 2607 221
251 2543 348 2607 mira
367 2543 486 2623 fateare
506 2547 684 2607 necessest*
703 2562 795 2624 paene
819 2552 933 2604 eertum
956 2551 1002 2604 est
1024 2546 1055 2604 in
1076 2563 1111 2604 eo

104 2653 195 2695 versu
227 2636 278 2712 qui
310 2633 418 2693 excidit
452 2641 520 2712 post
551 2632 613 2695 221
647 2632 714 2711 Brg.
746 2634 838 2693 luisse
871 2629 1038 2694 mobilitate
1069 2665 1111 2674 -

107 2718 392 2800 [217-229155.].
410 2728 565 2800 postquam
574 2720 729 2781 Lueretius
739 2722 959 2782 accuratissime
974 2720 1010 2779 de
1021 2722 1111 2781 simu-

106 2810 195 2870 lacris
218 2811 289 2890 egit,
313 2809 516 2869 demonstrare
540 2828 605 2870 esse
628 2802 1110 2891 555155511551515155555155)

105 2916 182 2978 quae
215 2915 319 2957 sensus
350 2896 544 2978 lacesserent,
577 2915 707 2957 summae
740 2904 820 2957 esset
851 2898 987 2975 ineptiae.
1030 2903 1111 2956 55515

105 2989 198 3065 igitur
216 2985 311 3045 erm.
339 2987 469 3065 itemque
497 2985 585 3046 Goeb.
610 2985 722 3046 observ.
745 3003 773 3064 p.
792 2984 835 3047 28
858 3002 961 3045 555555
985 3003 1021 3045 ex
1043 2983 1061 3045 l.
1076 2984 1112 3044 Vl

106 3066 384 3158 195-935155
402 3073 558 3134 translatos
576 3072 691 3133 tollunt.
728 3073 806 3152 quod
826 3072 937 3132 Gellius
956 3072 1112 3133 51Ν55155

105 3163 155 3224 hie
185 3162 336 3242 legerunt,
367 3162 424 3222 hoo
450 3181 543 3222 unum
572 3160 700 3221 declarat
727 3163 785 3221 iam
813 3168 876 3221 tum
904 3161 1112 3240 interpolatum

105 3251 198 3312 fuisse
232 3268 358 3310 carmen.
386 3283 428 3292 -
459 3248 523 3311 222
550 3249 619 3309 hine
646 3248 728 3309 Blrm.
756 3247 926 3309 Lucretium
958 3251 998 3309 ita
1029 3256 1112 3328 putat

106 3338 235 3419 capitula
253 3338 443 3419 disposuisse,
466 3347 499 3399 ut
516 3339 646 3416 primum
665 3337 768 3397 doceat
787 3337 857 3416 quid
876 3336 1032 3397 simulacra
1049 3337 1111 3396 effi-

106 3429 194 3508 515151,
205 3428 230 3487 51
244 3444 304 3487 555
317 3427 527 3505 impediantur:
542 3423 889 3506 239-268,1515115(15
904 3425 1111 3502 impeditorum

105 3518 134 3576 vi
163 3523 193 3576 et
220 3515 324 3576 eiie'otu
353 3515 477 3576 disserat
500 3511 686 3577 299-322.
733 3509 932 3579 ‘itit-‘anua
948 3520 1022 3572 tum
1039 3513 1137 3584 semu
