2430 3878
451 179 731 240 Pnomoouuuu
991 178 1094 236 XXVII

89 329 182 390 allero
203 337 357 408 praeterea
379 330 452 392 haec
475 330 533 391 duo
556 329 688 409 exempla
715 349 752 390 ex
776 332 847 390 satis
870 346 974 407 magna
997 329 1093 406 copia:

89 417 112 474 V
133 415 218 479 1013
229 437 286 499 sq,
308 418 360 480 ubi
382 437 437 498 pro
460 437 510 498 eo,
534 418 612 497 quod
635 417 772 478 inlibris
801 425 847 478 est
874 412 999 501 (molier
1025 432 1094 477 cote

87 505 180 568 cessit
199 505 236 567 o're
251 499 364 590 mum)
387 504 508 586 coquito
528 508 614 568 suut:
636 503 799 568 conubium
821 508 941 585 scripsit
958 503 1094 564 Marullo-

89 613 160 675 que,
181 597 234 673 qui
256 595 326 673 quid
345 596 504 656 excidisset
522 602 721 675 perspexerat,
744 613 777 654 se
795 612 887 673 paene
905 595 994 654 irasci
1013 591 1094 671 dicit,

88 682 169 761 quod
190 680 353 747 amuletum
375 683 564 745 scribendum
587 702 653 744 esse
675 701 734 743 non
753 682 867 762 viderit,
890 677 1094 759 11171691,

89 771 154 851 uhi,
179 770 284 833 lacuna
306 790 343 832 ne
366 771 597 852 relinqueretur,
620 789 673 850 pro
698 765 769 853 (loos
789 768 836 832 o're
855 767 1047 848 fatendumst
1066 769 1095 830 et

85 854 261 942 ommno)
284 857 368 920 moni
383 857 509 938 penitus
530 876 579 920 res
596 857 675 938 copti
691 860 794 936 operto
811 876 921 938 ponere
940 876 1029 917 ausus
1048 864 1094 917 est

88 945 195 1009 maris
211 945 337 1026 penitas
353 953 527 1025 permoto
549 948 596 1009 tro
618 953 789 1024 oportum.

178 1034 232 1097 Est
250 1054 397 1096 veronen
416 1039 547 1097 omnium
565 1035 735 1096 lacunarum
754 1053 812 1096 una
825 1034 987 1113 eademque
1001 1036 1092 1112 origo.

89 1143 159 1185 nam
182 1142 251 1184 cum
272 1123 428 1203 plerasque
451 1127 491 1185 ita
509 1131 542 1184 ut
560 1141 649 1202 supra
667 1122 729 1183 dixi
747 1130 827 1183 ortas
845 1141 910 1183 esse
932 1121 1092 1183 verisimile

89 1215 140 1292 sit,
162 1219 232 1273 stunt
251 1215 351 1293 etiam,
372 1230 444 1290 quas
467 1215 526 1272 iam
548 1214 579 1271 in
602 1230 637 1272 eo
662 1210 822 1290 exemplari
845 1210 923 1290 quod
942 1210 1093 1271 Ciceronis

89 1318 162 1362 cura
194 1301 332 1361 ellectum
363 1308 421 1381 ost,
451 1300 542 1360 luisse
573 1300 801 1360 existimandum
831 1302 881 1380 sit3
911 1300 985 1359 vidit
1014 1301 1093 1359 enim

89 1391 224 1453 omnum
245 1391 360 1468 primus
380 1387 584 1448 Lachmannus
607 1391 639 1448 iu
657 1387 776 1448 Lucreti
798 1387 883 1448 libris
906 1394 1006 1447 extare
1028 1405 1093 1448 ver-

91 1496 156 1553 sus,
180 1479 232 1556 qui
255 1495 322 1538 cum
345 1479 541 1555 antiquiorem
564 1476 688 1537 alicuius
711 1478 873 1536 sententiae
898 1475 1020 1535 sormam
1044 1495 1093 1536 ex-

92 1565 239 1646 hiberent,
261 1567 370 1626 iniuria
392 1564 429 1625 ab
452 1564 594 1625 Cicerone
616 1564 662 1624 vel
685 1565 722 1625 ab
740 1583 784 1645 eo,
807 1582 895 1643 quem
913 1566 945 1624 in
964 1567 1093 1624 carmine

89 1653 274 1715 emendando
302 1652 465 1714 adiutorem
487 1652 651 1733 habuisset,
679 1655 844 1713 conservati
871 1671 936 1712 esse
959 1653 1094 1712 videren-

90 1749 154 1823 tur3
186 1742 222 1803 cl.
255 1759 329 1820 quae
361 1743 481 1820 scripsit
512 1743 544 1801 in
575 1748 729 1801 comment
762 1741 797 1800 ad
827 1737 969 1801 1111031
1001 1749 1031 1800 et
1045 1740 1094 1815 ad

90 1827 220 1893 v1230.
250 1837 281 1890 et
298 1837 378 1890 reete
397 1829 516 1908 quidem
530 1828 733 1890 Lachmannus
750 1829 820 1890 talia
838 1828 980 1889 accidisse
999 1828 1094 1909 docet,

90 1937 270 1998 quamquam
292 1916 406 1979 inillis
429 1916 545 1978 duobus
567 1917 703 1978 versibus
723 1926 814 1978 errat:
837 1923 938 1978 extant
955 1935 1024 1976 vero
1044 1916 1095 1976 alii

91 2006 239 2068 eiusmodi
270 2024 373 2066 versus
404 2004 437 2068 hi
467 2007 667 2084 potissimum:
703 2002 824 2068 11189.
857 2005 893 2064 lV
913 2001 992 2086 476,
1020 2001 1093 2066 524.

90 2091 228 2159 71315.
251 2090 379 2158 111324.
425 2100 495 2154 sunt
517 2101 670 2172 praeterea
691 2112 809 2173 versus,
832 2111 906 2171 quos
929 2095 1094 2154 accuratius

92 2185 263 2262 inspicienti
277 2189 415 2261 appareat
433 2181 585 2260 relliquias
599 2201 664 2241 esse
679 2199 817 2241 versuum
832 2199 848 2240 a
861 2180 999 2241 Lucretio
1014 2181 1094 2242 dam-

91 2279 242 2351 natorum3
260 2288 318 2349 quo
336 2272 368 2332 in
386 2288 510 2333 numero
528 2270 560 2330 hi
574 2278 655 2330 sunt:
673 2267 775 2349 1321,
789 2265 862 2350 864,
876 2267 948 2332 878.
968 2267 1094 2350 111298,

90 2355 166 2440 444,
186 2355 260 2439 741,
279 2355 352 2419 761.
373 2357 410 2419 111
427 2355 544 2436 50sqq.
569 2356 630 2420 781
643 2377 706 2436 sqq.
729 2356 766 2417 Vl
781 2353 834 2438 47,
858 2358 980 2417 tortasse
1005 2361 1095 2418 etiam

91 2447 128 2508 Vl
143 2444 238 2511 1261.
279 2454 397 2526 praeter
422 2446 477 2506 hos
500 2446 608 2507 seclusi
631 2446 705 2506 duos
728 2464 844 2526 versus,
871 2442 1002 2527 111412,
1021 2443 1095 2527 699,

90 2555 169 2616 quos
189 2544 276 2614 pocta
299 2535 492 2614 adscripsisse
514 2535 678 2615 videretur,
701 2553 769 2595 cum
791 2552 895 2613 parum
918 2534 1095 2596 attenderet:

91 2626 191 2704 possis
209 2630 313 2702 putare
331 2625 420 2684 etiam
437 2641 541 2683 versus
561 2620 624 2684 993
639 2622 657 2682 l.
672 2623 695 2680 V
714 2622 840 2683 similem
859 2641 924 2683 esse
943 2627 1094 2702 originem.

180 2711 283 2790 Neque
314 2730 384 2771 vero
412 2710 484 2771 illud
513 2710 591 2789 quod
618 2710 706 2772 docui
733 2729 889 2772 occurrere
918 2713 950 2773 in
977 2710 1097 2772 Lucreti

90 2802 223 2862 carmine
256 2799 349 2880 locos,
379 2799 487 2878 quihus
515 2798 552 2860 de
580 2798 682 2859 eadem
712 2818 745 2860 re
778 2801 891 2859 varium
918 2801 949 2859 in
978 2799 1097 2860 modum

91 2889 307 2968 disputaretur,
333 2890 411 2948 iutra
439 2887 570 2966 singulos
598 2887 643 2947 vel
665 2887 751 2948 binos
774 2894 910 2947 ternosve
937 2906 1040 2948 versus
1065 2907 1097 2948 se

91 2979 233 3039 continet
279 2984 349 3037 sunt
377 2983 438 3036 tota
468 2975 607 3056 capitula,
635 2995 710 3054 quae
736 2973 892 3035 Lueretius
920 2975 1028 3037 editori
1056 2979 1097 3036 ei-

92 3065 199 3127 ciendo
230 3063 398 3144 reliquerit,
425 3072 580 3143 postquam
608 3064 711 3124 eadem
738 3063 774 3124 de
806 3082 839 3124 re
871 3063 993 3126 meliora
1023 3084 1098 3144 quae

92 3154 265 3216 viderentur
291 3155 419 3231 scripsit.
469 3155 512 3213 sic
540 3153 610 3213 olim
637 3152 737 3230 docui,
765 3159 919 3231 postquam
947 3162 1033 3232 poeta
1065 3172 1098 3214 ea

92 3244 264 3321 scripsisset
291 3259 366 3319 quae
392 3236 835 3303 l.1versibus56-134et
859 3238 923 3301 140
933 3260 995 3320 sqq.
1029 3261 1098 3301 con·

92 3332 272 3409 timerentur,
299 3347 351 3389 eos
378 3347 482 3389 versus
509 3328 616 3407 quibus
643 3335 710 3408 post
736 3326 859 3389 Veneris
885 3331 1098 3390 invocationem

93 3418 128 3478 ad
169 3427 292 3480 naturae
333 3419 477 3479 rationem
514 3416 715 3496 explicandam
751 3418 919 3497 transisset,
959 3413 1099 3479 44-55

94 3499 248 3590 (50-61
272 3499 363 3589 Lm),
391 3512 521 3567 retentos
549 3505 696 3589 noluisse,
721 3504 760 3566 cl.
782 3505 871 3566 iutra.
892 3523 998 3582 usquc
1021 3505 1112 3563 adusi
