2430 3878
150 189 192 253 66
632 189 672 243 ΠΙ

149 352 184 402 nt
204 345 233 397 at
256 344 358 398 eontra
381 354 526 416 nusquam
550 344 692 415 apparent
714 336 875 397 Acherusia
897 336 1015 416 templa.

202 419 211 509 Η
225 443 280 486 neo
302 425 389 485 tellus
413 424 509 485 obstat
532 426 604 503 quin
627 427 724 485 omnia
748 425 954 505 dispiciantur,

204 513 258 574 sub
281 513 407 593 pedibus
431 530 631 591 quaecumque
655 513 732 572 inira
753 531 808 591 per
830 515 917 573 inane
940 521 1099 592 geruntur.
1118 512 1130 595 fl

202 602 249 661 his
272 601 326 661 tibi
348 619 395 661 me
418 600 508 661 rebus
532 600 674 680 quaedam
698 600 795 661 divina
817 600 951 680 voluptas

202 692 328 769 percipit
351 696 437 768 atque
460 689 579 769 horror,
603 689 681 767 quod
704 691 747 750 sio
770 695 875 750 natura
897 695 948 750 tua
971 692 1001 750 vi

150 795 183 844 ao
202 786 262 838 tam
285 778 440 838 manifesta
461 783 564 856 patens
588 794 624 836 ex
648 779 728 837 omni
749 784 832 856 parte
856 784 1005 839 retectast.

246 865 284 926 Et
307 868 444 944 quoniam
467 865 567 945 dooni,
590 872 763 926 cunctarum
785 864 904 926 exordia
927 885 1030 927 rerum

204 954 299 1033 qualia
322 956 382 1014 sint
404 960 434 1014 et
456 972 544 1032 qnam
567 955 656 1013 variis
680 952 818 1013 distantia
841 954 943 1013 lormis

204 1049 307 1122 sponte
332 1061 384 1103 sua
406 1042 528 1102 volitent
551 1048 671 1102 aeterno
695 1044 808 1120 percita
830 1048 924 1123 motu,

203 1150 296 1211 quove
319 1130 406 1191 modo
428 1132 543 1209 possint
565 1147 613 1189 res
637 1148 673 1189 ex
695 1129 742 1189 his
766 1148 899 1209 quaeque
925 1132 1036 1212 creari,

150 1233 184 1283 aa
202 1220 289 1279 hasce
314 1218 475 1279 seeundum
498 1235 546 1278 res
570 1219 661 1277 animi
683 1224 788 1278 natura
810 1219 927 1278 videtur

202 1315 288 1386 atque
312 1308 425 1366 animae
449 1305 584 1366 claranda
606 1307 680 1365 meis
704 1308 763 1365 iam
784 1305 920 1366 versibus
945 1324 1026 1386 esse,

203 1402 232 1455 et
254 1401 351 1455 metus
373 1394 422 1454 ille
446 1395 524 1453 loras
546 1412 688 1472 praeceps
711 1393 888 1454 Acheruntis
911 1395 1058 1476 agendus,

202 1482 333 1544 funditus
355 1481 513 1541 humanam
536 1483 587 1560 qui
610 1484 698 1541 vitam
721 1482 822 1542 turbat
844 1481 879 1542 ab
902 1484 977 1563 imo,

202 1573 299 1630 omnia
322 1569 494 1630 suffundens
516 1571 621 1628 mortis
644 1571 776 1651 nigrore,
799 1588 894 1648 neque
918 1570 1007 1631 ullam

148 1675 183 1722 40
202 1676 267 1719 esse
290 1657 469 1737 voluptatem
492 1656 633 1736 liquidam
655 1676 819 1737 puramque
845 1658 994 1737 relinquit.

201 1765 269 1807 nam
293 1747 369 1825 quod
394 1763 480 1825 saepe
502 1745 637 1826 homines
659 1745 779 1805 morbos
798 1748 895 1824 >magis
918 1764 984 1807 esse
1006 1748 1159 1808 timendos

201 1835 397 1913 infamemque
420 1835 519 1894 lerunt
541 1835 631 1893 vitam
654 1852 741 1912 qnam
764 1834 884 1895 Tartara
907 1833 973 1916 leti,

202 1930 231 1983 et
255 1941 286 1983 se
310 1925 387 1982 seire
410 1924 500 1982 animi
522 1927 657 1981 naturam
680 1924 833 2000 sanguinis
857 1940 935 2003 esse,

201 2018 251 2071 ant
274 2013 362 2070 etiam
384 2011 476 2088 venti,
501 2011 526 2069 si
549 2010 607 2069 fert
629 2012 668 2070 ita
693 2011 767 2070 forte
791 2010 938 2091 voluntas,

148 2113 182 2162 45
200 2117 255 2159 neo
278 2117 398 2178 prosum
422 2100 579 2177 quiequam
601 2105 719 2157 nostrae
742 2100 865 2158 rationis
889 2116 989 2179 egere,

199 2188 268 2247 hino
291 2187 361 2248 lioet
383 2186 516 2247 advertas
539 2188 669 2246 animum
690 2188 784 2264 magis
807 2188 905 2247 omnia
926 2186 1022 2246 laudis

201 2278 304 2336 iactari
328 2293 415 2336 cansa
438 2294 525 2353 quam
549 2274 627 2353 quod
650 2292 698 2335 res
721 2276 784 2354 ipsa
807 2274 957 2353 probetur.

202 2371 334 2423 extorres
357 2363 435 2423 idem
458 2364 552 2442 patria
575 2362 721 2440 longeque
745 2363 836 2440 lugati

200 2457 360 2529 conspectu
383 2469 418 2511 en
441 2448 607 2531 hominum,
630 2449 739 2509 loedati
761 2452 886 2511 erimine
908 2453 1002 2531 turpi,

148 2553 181 2602 50
200 2537 336 2598 omnibns
350 2541 500 2598 aerumnis
515 2537 622 2598 adfecti
645 2537 786 2618 denique,
810 2540 923 2618 vivunt,

201 2633 230 2686 et
253 2642 437 2704 quocumque
459 2632 558 2684 tamen
581 2627 684 2686 miseri
706 2644 813 2687 venere
837 2632 993 2705 parentant

200 2722 229 2774 et
251 2715 350 2791 nigras
372 2719 500 2772 mactant
522 2713 650 2791 pecudes
674 2721 703 2773 et
725 2713 853 2774 manibn'
877 2715 952 2774 divis

199 2802 321 2861 inferias
344 2803 477 2881 mittunt,
500 2801 651 2880 multoque
674 2803 705 2861 in
728 2801 818 2862 rebus
842 2801 956 2862 aoerbis

199 2892 296 2950 aorins
319 2888 474 2950 advertunt
497 2892 609 2949 animos
632 2889 668 2949 ad
691 2890 872 2968 religionem.

146 2992 180 3042 55
200 2996 256 3056 quo
280 2980 373 3056 magis
397 2979 427 3037 in
452 2977 549 3037 dubiis
571 2978 723 3038 hominem
746 2986 879 3056 spectare
901 2978 1023 3056 periclis

199 3068 335 3126 convenit
357 3065 547 3144 adversisque
571 3068 603 3126 in
625 3065 715 3126 rebus
739 3083 863 3126 nosoere
888 3069 940 3144 qui
962 3069 1009 3126 sit.

198 3172 266 3214 nam
289 3173 374 3214 verae
396 3172 483 3215 voees
506 3161 570 3214 tum
592 3153 710 3213 demum
732 3161 852 3233 peotore
876 3154 912 3214 ab
935 3156 996 3214 imo

198 3242 369 3321 eliciuntur3
393 3242 539 3320 deripitur
561 3259 701 3322 persona,
724 3250 823 3303 manet
845 3260 903 3302 res

198 3331 325 3408 deniqne
349 3332 485 3389 avarities
508 3336 538 3390 et
559 3330 705 3390 honorum
728 3348 814 3391 oaeoa
837 3330 958 3411 cupido,

144 3434 179 3483 oo
199 3436 272 3497 quae
295 3419 421 3477 miseros
443 3418 578 3478 homines
602 3424 710 3496 cogunt
732 3419 943 3480 transcendere
966 3419 1041 3480 fines

187 3508 266 3565 iuris
290 3512 321 3566 et
343 3505 498 3568 interdum
522 3508 619 3568 sooios
643 3506 792 3568 scelerum
812 3515 900 3585 atque
921 3509 1075 3568 ministros
