2430 3878
140 201 203 264 122
315 168 318 173 ’
624 198 663 254 IV

209 355 238 408 et
262 349 398 425 quoniam
420 365 480 406 non
503 354 549 407 est
572 349 656 425 quasi
679 348 757 426 quod
781 346 928 407 suffulciat
951 354 1046 426 artus,
1105 367 1142 408 eso

209 434 304 495 debile
327 436 361 495 lit
384 453 504 515 corpuS,
527 434 778 514 languescuntque
802 437 900 494 omnia
922 434 1069 514 membra,

209 522 346 584 bracchia
368 522 584 602 palpebraeque
608 523 728 604 cadunt,
751 523 936 603 poplitesque
958 519 1107 602 †cubanti

137 628 193 678 050
208 630 294 690 saepe
318 618 415 671 tamen
439 614 663 671 summittuntur
684 613 814 689 virisque
838 611 996 671 resolvunt.

138 716 189 765 935
208 698 314 759 deinde
338 699 437 759 cihum
459 701 593 777 sequitur
619 717 753 779 somnus,
780 701 862 779 quia,
890 717 964 779 quae
987 699 1058 760 facit
1081 703 1142 779 adr,

207 787 280 848 haec
303 787 405 847 eadem
428 786 524 868 cibus,
547 789 579 846 in
601 805 689 848 venas
713 787 783 847 dum
806 787 919 848 diditur
941 789 1051 868 omnis,
1106 808 1143 849 05

208 875 307 935 efficit.
344 882 374 935 09
395 874 487 936 multo
510 893 599 954 sopor
621 874 671 935 ille
695 878 885 954 gravissimus
908 882 1017 957 exstat,

209 981 297 1042 quem
320 970 402 1024 satur
424 969 474 1024 aut
495 961 590 1023 lassus
614 966 725 1044 capias,
749 966 816 1043 quia
839 963 966 1042 plurima
988 971 1052 1024 tum
1077 982 1108 1024 se

138 1066 193 1119 955
208 1069 332 1131 corpora
354 1050 531 1112 conturbant
552 1070 657 1130 magno
680 1059 803 1112 contusa
824 1051 933 1112 labore.

139 1157 190 1205 940
208 1141 242 1199 fit
264 1141 376 1199 ratione
400 1139 502 1199 eadem
525 1141 675 1200 coniectus
698 1143 805 1218 partim
828 1142 936 1200 animai

210 1226 308 1307 altior,
331 1234 417 1305 atque
441 1228 519 1287 loras
542 1229 654 1288 eiectus
677 1227 787 1306 largior
809 1230 886 1308 eius,
1105 1250 1144 1290 ooo

209 1324 239 1376 et
262 1315 383 1375 divisior
405 1318 483 1375 inter
507 1334 538 1376 se
557 1334 590 1376 ac
613 1316 781 1376 distractior
803 1318 883 1377 intus

632 1422 649 1461 a

253 1489 291 1550 Et
314 1509 371 1568 quo
395 1493 519 1569 quisque
542 1491 604 1552 iere
628 1492 724 1551 studio
749 1491 901 1553 devinctus
924 1491 1077 1574 adhaeret,

139 1595 195 1646 960
209 1586 259 1639 009
282 1577 389 1657 quibus
412 1581 444 1638 in
467 1578 557 1639 rehus
579 1579 704 1640 multum
729 1598 830 1640 sumus
853 1587 920 1641 ante
944 1583 1050 1641 morati

140 1683 191 1732 945
210 1674 295 1745 atque
319 1668 350 1725 in
373 1684 407 1726 ea
429 1668 542 1727 ratione
565 1667 622 1727 fuit
644 1673 780 1729 contenta
802 1671 895 1746 magis
918 1685 1015 1749 mens,

210 1757 241 1816 in
265 1756 377 1814 somnis
399 1754 501 1814 eadem
524 1753 697 1835 plerumque
719 1756 855 1817 videmur
876 1756 971 1817 obire:
1104 1780 1142 1820 ooo

210 1842 353 1903 causidici
374 1860 477 1903 causas
500 1861 585 1920 agere
609 1850 639 1904 et
660 1861 837 1922 componere
859 1843 953 1925 leges,

209 1932 434 2009 induperatores
457 1949 587 2009 pugnare
611 1950 644 1992 ac
666 1931 778 2010 proelia
800 1931 896 2014 obire,

139 2035 195 2085 965
211 2027 316 2080 nautae
339 2025 523 2079 contractum
546 2037 613 2080 cum
636 2022 731 2080 ventis
755 2020 862 2098 degere
886 2019 1030 2101 duellum,

140 2123 192 2171 950
210 2126 265 2167 nos
288 2125 374 2186 agere
397 2107 453 2167 hoc
476 2114 574 2167 autem
597 2114 627 2167 et
649 2115 783 2169 naturam
807 2127 948 2187 quaerere
971 2127 1073 2170 rerum

211 2213 327 2274 semper
350 2202 380 2255 et
401 2197 549 2255 inventam
572 2198 675 2274 patriis
698 2214 845 2275 exponere
869 2197 1003 2257 chartis..
1103 2220 1142 2261 00

211 2291 308 2344 cetera
332 2285 375 2344 sic
398 2283 494 2344 studia
517 2289 604 2361 atque
627 2290 706 2344 artes
728 2284 901 2363 plerumque
925 2285 1062 2345 videntur

210 2375 242 2432 in
265 2374 376 2431 somnis
399 2374 512 2431 animos
535 2372 686 2432 hominum
709 2371 848 2433 frustrata
869 2379 979 2434 tenere.

140 2475 195 2526 970
211 2467 241 2519 et
264 2462 441 2538 quicumque
464 2459 527 2519 dies
550 2459 657 2520 multos
680 2478 716 2520 ex
740 2461 843 2521 ordine
865 2461 942 2521 ludis

140 2564 191 2613 955
211 2547 347 2607 adsiduas
371 2547 516 2607 dederunt
538 2565 655 2628 operas,
677 2547 850 2628 plerumque
873 2550 1020 2631 videmuS,

211 2653 279 2696 cum
300 2637 358 2694 iam
382 2634 559 2695 destiterunt
580 2655 614 2697 ea
638 2636 773 2697 sensibus
796 2655 953 2718 usurpare,
1104 2660 1144 2701 00

210 2723 336 2783 relicuas
358 2729 457 2782 tamen
480 2741 545 2783 esse
568 2726 629 2783 vias
652 2726 684 2784 in
706 2731 803 2784 mente
826 2727 968 2806 patentis,

212 2830 268 2890 qua
290 2813 406 2890 possint
428 2811 529 2871 eadem
551 2830 652 2872 rerum
675 2813 831 2873 simulacra
852 2815 967 2873 venire:

140 2915 195 2967 975
208 2919 262 2979 per
284 2899 392 2959 multos
415 2901 513 2978 itaque
536 2899 585 2959 illa
609 2901 672 2961 dies
695 2901 796 2961 eadem
820 2900 1013 2962 obversantur

88 3040 110 3079 ⁸
141 3005 192 3054 960
212 2995 278 3049 ante
302 2987 416 3069 oculos,
440 2990 528 3048 etiam
549 2988 702 3067 vigilantes
725 2996 759 3049 09
780 2989 935 3049 videantur

211 3094 332 3137 eernere
357 3075 489 3137 saltantis
512 3082 541 3136 et
562 3076 662 3137 moIHa
684 3077 816 3137 membra
838 3080 996 3158 moventis,
1106 3100 1146 3141 oco

212 3171 242 3225 et
264 3165 391 3225 citharae
415 3164 559 3243 liquidum
582 3183 700 3225 carmen
724 3165 906 3244 chordasque
929 3165 1077 3245 loquentis

211 3253 331 3313 auribus
355 3255 501 3334 accipere,
524 3260 553 3313 et
576 3271 747 3314 consessum
770 3272 893 3314 cernere
916 3254 1043 3315 eundem

140 3358 196 3408 980
211 3343 368 3419 scenaique
392 3341 480 3402 simul
502 3343 598 3401 varios
622 3341 776 3420 splendere
802 3342 933 3403 decores.

139 3448 191 3494 965
211 3447 305 3508 usque
329 3429 401 3490 adeo
424 3431 521 3508 magni
543 3428 634 3489 refert
657 3430 787 3491 studium
810 3438 896 3510 atque
920 3430 1065 3513 voluptas,

196 3517 364 3597 atquibus
388 3521 419 3581 in
443 3518 538 3581 rebus
563 3521 738 3582 consuerint
758 3537 826 3580 esse
847 3522 962 3598 operati
1107 3538 1148 3581 ou
