2430 3878
549 198 575 252 V
1000 191 1060 258 141

127 353 157 407 at
179 364 289 425 neque,
312 347 357 406 uti
379 345 480 426 docui,
504 344 597 405 solido
621 364 689 405 cum
713 362 837 423 corpore
859 343 964 405 mundi

54 450 107 502 303
127 440 274 514 naturast,
298 435 437 512 quoniam
459 433 651 494 admixtumst
673 435 703 492 in
727 431 817 492 rehus
840 434 940 512 inane,
1024 452 1065 493 sco

53 539 112 591 366
127 541 182 583 nec
205 529 304 582 tamen
327 529 373 582 est
396 529 429 582 ut
451 523 547 602 inane,
569 539 666 600 neque
688 527 785 581 autem
805 538 928 600 corpora
947 519 1063 600 desunt,

124 629 165 677 ,ex
187 610 303 670 infinito
327 628 401 688 quae
423 612 540 688 possint
562 610 638 669 lorte
661 615 761 669 coorta

129 715 269 760 corruere
291 698 367 758 hanc
389 716 490 758 rerum
512 697 640 758 violento
662 697 782 758 turbine
805 714 950 756 summam

130 794 180 848 aut
201 786 288 847 aliam
312 787 444 864 quamvis
468 785 580 846 cladem
603 788 753 865 inportare
777 803 831 864 per
854 787 945 865 ictus,

54 893 109 942 300
128 894 185 936 nec
207 892 296 954 porro
320 881 424 934 natura
446 873 504 934 loci
527 876 713 953 spatiumque
734 873 875 953 prolimdi
1025 894 1065 935 sao

55 980 111 1032 371
129 963 242 1043 delicit,
257 964 403 1041 ‘exspargi
426 980 482 1041 quo
506 964 622 1042 possint
644 963 760 1022 moenia
782 960 899 1041 mundi,

130 1059 180 1113 aut
202 1050 259 1111 alia
282 1053 383 1129 quavis
406 1057 531 1129 possunt
552 1053 582 1109 ri
603 1049 688 1129 pulsa
709 1051 817 1129 perire.

129 1140 201 1200 haut
223 1141 315 1217 igitur
337 1138 390 1198 leti
412 1138 594 1217 praeclusast
615 1140 702 1199 ianua
725 1137 806 1198 caelo

129 1246 186 1289 nec
209 1226 265 1288 soli
287 1233 443 1305 terraeque
466 1245 562 1306 neque
586 1226 653 1287 altis
676 1227 812 1305 aequoris
834 1224 936 1306 undis,

55 1332 112 1384 365
131 1316 184 1377 sed
206 1322 287 1395 patet
309 1316 431 1375 immani
453 1322 483 1375 et
504 1321 587 1375 vasto
609 1320 757 1394 respectat
778 1314 868 1374 hiatu.
1025 1334 1065 1375 era

56 1422 115 1473 376
131 1422 222 1484 quare
246 1406 335 1464 etiam
357 1405 453 1463 nativa
475 1410 661 1463 necessumst
683 1403 841 1463 confiteare

130 1493 203 1553 haec
226 1491 342 1552 eadem:
364 1509 460 1571 neque
484 1493 576 1572 enim,
598 1490 715 1551 mortali
737 1507 861 1569 corpore
884 1507 959 1568 quae
983 1496 1063 1570 sunt,

132 1600 168 1642 ex
191 1581 306 1640 infinito
329 1582 388 1640 iam
410 1587 543 1658 tempore
567 1579 661 1640 adhuc
683 1581 850 1658 potuissent

131 1671 260 1729 inmensi
281 1667 391 1728 validas
415 1670 478 1728 aevi
501 1675 690 1728 contemnere
712 1669 800 1727 vires.

57 1773 113 1824 330
176 1757 309 1835 Denique
330 1762 485 1835 tantopere
507 1758 587 1816 inter
610 1775 641 1816 sc
665 1775 732 1816 cum
754 1757 880 1816 maxima
903 1754 1007 1815 mundi
1026 1775 1067 1816 aso

58 1844 432 1926 331pugneut‘membra,
454 1846 504 1923 pio
527 1862 712 1923 nequaquam
735 1845 849 1904 concita
872 1842 962 1923 hello,

131 1951 230 1994 nonne
253 1932 334 1993 vides
357 1932 484 2011 aliquam
506 1932 587 2011 longi
609 1934 778 1993 certaminis
802 1931 868 1992 ollis

131 2040 221 2102 posse
244 2020 309 2081 dari
331 2021 433 2102 finem,
455 2019 501 2081 vel
524 2039 591 2080 cum
614 2019 660 2081 sol
683 2027 712 2080 et
734 2038 823 2098 vapor
846 2021 942 2079 omnis

132 2109 270 2170 omnibus
294 2111 388 2189 epotis
411 2107 565 2169 umoribus
588 2103 814 2186 exsuperarint?

60 2214 114 2267 cuo
135 2198 214 2278 quod
228 2198 325 2258 lacere
339 2196 504 2278 intendunt,
517 2214 615 2275 neque
629 2196 723 2256 adhuc
736 2202 839 2256 conata
848 2201 1013 2272 patrantur:
1028 2213 1068 2256 aas

62 2293 248 2355 auctentum
271 2285 461 2364 suppeditant
483 2302 584 2345 amnes
606 2283 742 2363 ultraque
764 2285 914 2343 minantur

134 2377 232 2436 omnia
256 2372 398 2434 diluviare
421 2372 538 2434 exalto
562 2375 677 2451 gurgite
699 2373 795 2452 ponti,

134 2465 327 2543 nequiquam,
351 2464 488 2540 quoniam
510 2468 662 2522 verrentes
685 2478 812 2539 aequora
834 2461 915 2519 venti

135 2551 311 2612 deminuunt
333 2550 483 2629 radiisque
506 2557 644 2611 retexens
667 2549 816 2609 aetherius
840 2547 897 2628 sol,

63 2654 117 2704 330
136 2646 173 2707 et,
189 2642 300 2699 siccare
324 2641 407 2717 prius
431 2637 583 2698 confidunt
606 2639 701 2697 omnia
724 2655 813 2716 posse
1031 2657 1070 2698 eoo

62 2744 224 2806 391quam
246 2726 345 2806 liquor
367 2728 478 2806 incepti
501 2728 596 2806 possit
619 2727 789 2804 contingere
812 2724 910 2786 finem

134 2822 250 2876 tantum
273 2817 419 2894 spirantes
443 2832 536 2893 aequo
560 2816 720 2875 certamine
742 2811 852 2873 bellum

135 2905 250 2982 magnis
272 2901 353 2965 ictor
374 2919 407 2964 se
429 2903 465 2963 de
488 2902 577 2963 rebus
600 2920 723 2963 cernere
746 2907 872 2980 certant,

137 3011 205 3052 cum
227 2992 320 3052 semel
342 2995 456 3051 interea
479 2991 568 3052 luerit
591 2991 778 3069 superantior
800 2989 877 3066 ignis

65 3095 120 3146 330
139 3087 169 3140 et
191 3080 297 3160 semel,
320 3087 353 3140 ut
375 3080 492 3159 lamast,
515 3097 601 3139 umor
623 3078 754 3156 regnarit
775 3078 807 3135 in
829 3077 915 3136 arvis.
1032 3098 1072 3139 ses

65 3183 122 3234 396
135 3170 214 3247 ignis
238 3171 317 3229 euim
341 3169 491 3247 superavit
514 3174 543 3227 et
566 3166 672 3227 ardeus
694 3164 786 3225 multa
807 3165 950 3246 perussit,

137 3259 200 3317 avia
223 3275 290 3317 cum
313 3256 493 3316 Phaethonta
516 3273 606 3334 rapax
629 3257 673 3314 vis
698 3253 769 3314 solis
792 3270 935 3330 equorum

137 3344 256 3405 aethere
280 3347 405 3423 raptavit
427 3351 488 3404 toto
512 3350 666 3421 terrasque
689 3360 743 3421 per
766 3342 876 3400 omnis:

137 3440 167 3494 at
189 3440 273 3512 pater
296 3435 482 3512 omnipotens
506 3433 550 3490 ira
573 3438 636 3492 tum
659 3431 791 3510 percitus
815 3431 876 3489 acri

65 3537 119 3587 300
137 3523 356 3600 magnanimum
378 3520 561 3582 Phaethonta
582 3521 704 3602 repenti
722 3516 860 3580 lulminis
878 3519 950 3577 ictu
1046 3536 1088 3573 ms
