2430 3878
164 215 227 280 160
649 213 675 268 V

251 381 318 423 cum
340 369 437 422 metus
461 368 511 422 aut
529 362 613 422 dolor
631 369 677 423 est
695 369 725 422 et
742 379 810 421 cum
827 363 887 421 iam
904 362 1011 440 gaudia
1028 360 1158 440 gliscunt

162 458 237 511 1060
251 453 360 530 quippe
384 452 493 510 etenim
516 448 586 510 licet
608 450 638 510 id
661 449 751 510 rebus
774 467 953 528 cognoscere
975 451 1094 529 apertis.

165 554 232 606 1050
250 541 369 599 inritata
391 556 497 599 canum
521 556 588 599 cum
610 540 738 617 primum
761 556 865 616 magna
887 536 1048 599 Molossum

250 626 349 688 mollia
372 629 446 687 ricta
468 627 598 687 fremunt
621 626 711 686 duros
734 625 873 687 nudantia
896 625 1013 708 dentes,

251 715 337 794 longe
361 714 417 775 alio
441 717 540 775 sonitu
562 713 643 775 rabie
666 716 802 775 restricta
825 716 987 796 minantur,
1114 736 1162 778 1ocs

251 812 372 864 etcum
394 805 452 863 iam
475 801 582 862 latrant
604 808 635 862 et
656 802 777 862 vocibus
800 805 899 863 omnia
922 803 1084 882 complent:

163 899 281 952 106501
303 890 414 952 catulos
437 890 543 951 blande
567 909 634 960 cum
656 890 755 969 lingua
778 890 907 951 lambere
929 897 1088 972 temptant,

166 996 234 1047 1066
252 986 303 1041 001
324 979 377 1040 ubi
399 996 451 1039 eos
473 981 582 1039 iactant
604 978 728 1058 pedibus
751 997 912 1057 morsuque
933 985 1071 1059 petentes

252 1069 404 1148 suspensis
426 1085 512 1127 veros
535 1068 688 1127 imitantur
710 1067 847 1128 dentibus
870 1067 1006 1148 haustus,

252 1156 338 1234 longo
362 1155 417 1217 alio
440 1162 526 1234 pacto
549 1158 669 1233 gannitu
692 1157 772 1216 vocis
795 1155 926 1237 adulant,
1116 1179 1164 1220 roro

254 1253 284 1306 ot
306 1262 373 1305 cum
396 1243 508 1304 deserti
529 1242 694 1304 baubantur
716 1246 748 1303 in
770 1243 906 1325 aedibus,
929 1250 979 1305 aut
1002 1262 1071 1306 cum

165 1340 238 1392 1070
253 1333 396 1413 plorantis
418 1332 535 1410 fugiunt
558 1334 714 1392 summisso
738 1350 861 1411 corpore
883 1331 992 1413 plagas.

166 1436 235 1488 1060
253 1422 380 1499 denique
403 1438 463 1480 non
485 1420 618 1480 hinnitus
641 1422 710 1482 item
737 1420 857 1481 differre
879 1420 1009 1502 videtur,

253 1512 332 1570 inter
354 1526 444 1586 equas
466 1507 520 1567 ubi
541 1526 634 1586 equus
657 1508 776 1568 florenti
798 1515 892 1569 aetate
915 1511 1058 1570 iuvencus

253 1598 402 1677 pinnigeri
424 1598 516 1656 saevit
538 1595 700 1657 calcaribus
724 1598 801 1668 ictus
824 1599 934 1657 amoris
1117 1620 1165 1662 roro

255 1692 285 1745 et
306 1685 456 1744 fremitum
479 1683 587 1762 patulis
610 1682 652 1743 ibi
674 1684 795 1745 naribus
818 1684 879 1745 edit
901 1685 937 1745 ad
960 1704 1056 1769 arma,

165 1779 239 1831 1075
254 1780 285 1834 01
307 1789 374 1832 cum
397 1774 441 1832 sic
463 1771 535 1832 alias
558 1775 711 1832 concussis
734 1772 847 1834 artibus
870 1770 988 1835 hinnit?

167 1876 236 1928 1066
253 1868 403 1941 postremo
426 1878 519 1938 genus
541 1859 663 1920 alituum
684 1863 840 1941 variaeque
862 1861 1011 1944 volucres,

254 1950 408 2028 accipitres
432 1955 518 2027 atque
542 1949 700 2027 ossifragae
723 1951 875 2029 mergique
898 1950 1022 2011 marinis

254 2036 393 2098 fluctibus
415 2038 447 2096 in
470 2036 546 2096 salso
568 2038 679 2098 victum
701 2039 847 2117 vitamque
869 2045 1019 2120 petentes,
1118 2061 1167 2102 roeo

254 2125 340 2205 longe
363 2124 435 2185 alias
458 2123 514 2184 alio
537 2127 649 2185 iaciunt
670 2127 701 2185 in
722 2132 856 2206 tempore
877 2144 979 2208 voces,

166 2220 285 2275 108001
307 2231 396 2292 quom
419 2213 455 2274 de
477 2215 556 2273 victu
579 2220 693 2274 certant
714 2214 880 2294 praedaque
903 2222 1083 2295 repugnant:

168 2309 285 2369 101001
307 2304 414 2381 partim
436 2308 551 2362 mutant
574 2319 641 2362 cum
663 2301 886 2381 tempestatibus
908 2320 968 2364 una

255 2392 426 2451 raucisonos
449 2396 566 2470 cantus,
588 2391 740 2451 cornicum
762 2397 795 2451 ut
818 2390 913 2452 saecla
935 2397 1051 2452 vetusta

256 2495 468 2556 corvorumque
488 2495 592 2556 greges
610 2477 663 2538 ubi
680 2496 785 2557 aquam
801 2479 940 2540 dicuntur
954 2485 986 2539 et
997 2479 1103 2541 imbris
1118 2501 1168 2544 roso

255 2583 378 2646 poscere
402 2571 432 2624 01
453 2565 602 2626 interdum
625 2572 728 2627 ventos
750 2584 895 2646 aurasque
918 2585 1032 2629 vocare.

168 2660 243 2713 1065
256 2672 326 2733 ergo
350 2655 376 2713 si
397 2654 472 2713 varii
494 2671 599 2714 sensus
622 2654 757 2715 animalia
779 2661 900 2737 cogunt,

170 2757 237 2809 1075
255 2749 337 2803 muta
359 2747 458 2801 tamon
480 2759 548 2802 cum
571 2743 643 2824 sint,
665 2744 760 2803 varias
783 2745 918 2804 emittere
939 2762 1041 2826 voees,

257 2836 365 2910 quanto
387 2828 520 2890 mortalis
542 2832 636 2908 magis
659 2839 814 2911 aequumst
835 2839 898 2893 tum
920 2834 1054 2912 potuisse

257 2916 409 2979 dissimilis
432 2918 487 2978 alia
510 2925 597 2997 atque
620 2917 676 2979 alia
698 2937 747 2980 res
769 2938 841 2981 voce
864 2917 980 2981 notarel
1119 2944 1171 2986 roco

299 3000 396 3090 lllllud
419 3007 451 3065 in
473 3005 520 3067 bis
543 3005 632 3067 rebus
653 3009 760 3068 tacitus
783 3026 821 3069 00
844 3009 920 3069 lorte
942 3011 1092 3091 requiras,

169 3094 367 3156 1000101000
390 3093 495 3155 detulit
516 3096 547 3154 10
569 3101 679 3155 terram
700 3095 875 3157 mortalibus
898 3098 998 3175 ignem

169 3199 238 3248 1080
256 3185 407 3264 primitus,
429 3183 498 3243 inde
521 3184 617 3243 omnis
639 3183 822 3245 flammarum
844 3184 956 3245 diditur
978 3185 1079 3247 ardor:

256 3270 348 3332 multa
370 3271 503 3331 ridemus
527 3273 606 3331 enim
629 3271 804 3333 caelestibus
827 3272 911 3333 inlita
933 3272 1060 3334 dammis

105 3356 106 3359 ’
165 3374 167 3380 ’
257 3359 383 3440 fulgere,
406 3378 473 3420 cum
496 3359 570 3421 caeli
592 3359 710 3421 donarit
731 3360 815 3440 plaga
837 3379 953 3441 vapore.
1122 3383 1175 3426 000

257 3454 287 3508 01
308 3465 424 3508 ramosa
446 3454 546 3508 tamen
569 3466 636 3508 oum
659 3451 754 3509 ventis
776 3448 861 3529 pulsa
883 3448 1023 3512 vacillans

150 3542 235 3595 1005
244 3545 366 3600 0001001
389 3540 421 3600 10
445 3557 548 3602 ramos
570 3536 751 3600 incumbens
771 3537 888 3598 arboris
907 3537 1012 3617 arbor,
