2430 3878
164 185 228 250 194
648 182 689 239 VI

163 332 385 412 eradicemini,
406 348 499 410 prope
522 332 567 390 uti
588 329 671 391 locus
694 330 743 390 hic
765 329 916 409 linquatur
938 332 1047 392 inanis.

233 421 318 481 cuius
340 418 392 480 ubi
415 437 432 479 c
453 420 574 497 regione
599 416 657 479 loci
680 436 788 480 venere
811 418 956 500 volantes,

234 507 379 569 claudicat
401 505 546 585 extemplo
569 508 727 586 pinnarum
749 508 833 567 nisus
856 509 967 587 inanis,

163 603 219 655 835
233 604 263 658 et
285 613 428 657 conamen
450 597 599 674 utrimque
623 594 734 656 alarum
756 594 893 674 proditur
915 613 1014 655 omne.
1133 617 1170 660 88

233 683 282 745 hic
304 683 356 745 ubi
377 686 475 744 nixari
496 690 648 763 nequeunt
670 685 866 762 insistereque
890 682 958 765 alis,

163 789 216 838 880
234 772 360 853 scilicet,
383 774 547 832 interram
570 770 668 831 delabi
689 770 820 851 pondere
843 773 921 851 cogit
1031 838 1033 842 Α

234 869 351 942 natura,
374 867 404 920 et
425 877 550 920 vacnum
571 878 663 939 prope
686 861 745 919 iam
767 860 930 939 perinane
953 860 1089 920 iacentes

234 950 408 1028 dispergunt
431 950 542 1008 animas
564 965 619 1027 per
641 945 738 1008 caulas
762 949 896 1027 corporis
918 949 1025 1008 omnis.

657 1055 674 1093 ss

163 1118 242 1209 ⁸4⁰d
255 1124 391 1204 frigidior
412 1141 501 1204 porro
525 1125 557 1184 in
578 1125 676 1203 puteis
700 1128 810 1184 aestate
832 1123 866 1183 fit
887 1140 988 1203 umor,
1133 1145 1172 1186 ero

234 1214 359 1274 rarescit
381 1214 450 1292 quia
471 1219 552 1272 terra
574 1211 684 1292 calore,
707 1218 737 1272 ct
760 1213 872 1272 semina
894 1213 921 1272 si
944 1229 1020 1289 quae

165 1317 216 1368 835
236 1301 311 1362 forte
334 1303 451 1380 vaporis
472 1299 561 1361 habet
582 1301 708 1381 proprii,
731 1299 853 1360 dimittit
875 1301 906 1360 in
929 1317 1026 1361 auras.

235 1407 294 1468 quo
316 1390 410 1467 magis
433 1395 478 1449 est
500 1390 591 1466 igitur
613 1387 701 1448 tellus
724 1387 810 1449 effeta
832 1386 942 1468 calore,

235 1479 269 1537 fit
292 1495 408 1556 quoque
431 1475 566 1554 frigidior
590 1477 640 1555 qui
663 1478 695 1536 in
717 1481 826 1536 terrast
847 1474 964 1537 abditus
987 1493 1086 1536 umor.

164 1572 220 1624 845
236 1565 345 1644 frigore
369 1581 436 1624 cum
458 1566 603 1642 premitur
624 1581 714 1643 porro
738 1565 833 1624 omnis
854 1570 935 1624 terra
958 1565 1079 1642 coitque
1133 1585 1172 1628 ece

235 1658 266 1712 et
288 1653 373 1732 quasi
395 1653 573 1733 concrescit,
595 1652 640 1732 fit,
664 1651 790 1733 scilicet,
812 1658 846 1713 ut
867 1651 1001 1712 coeundo

165 1757 217 1808 840
236 1742 380 1820 exprimat
402 1741 434 1800 in
455 1745 561 1818 puteos
584 1741 611 1799 si
633 1757 720 1819 quem
743 1741 820 1818 gerit
841 1741 905 1819 ipsa
928 1736 1098 1821 caloremd

279 1827 352 1888 Esse
375 1826 452 1907 apud
474 1826 645 1888 Hammonis
667 1828 767 1888 fanum
790 1828 855 1888 fons
878 1827 944 1889 luce
967 1827 1076 1888 diurna

235 1915 361 1995 frigidus
385 1923 414 1976 et
436 1914 549 1976 calidus
571 1923 716 1976 nocturno
738 1922 871 1995 tempore
894 1915 996 1976 fertur.

165 2012 222 2063 850
234 2004 313 2065 hunc
334 2004 470 2064 homines
493 2004 603 2064 fontem
625 2006 715 2064 nimis
738 2003 919 2064 admirantur
942 2010 972 2064 et
994 2005 1058 2064 acri
1132 2025 1170 2068 cro

236 2091 297 2152 sole
319 2099 424 2172 putant
446 2099 549 2170 supter
570 2098 665 2152 terras
687 2093 852 2152 fervescere
875 2093 997 2173 raptim,

164 2203 216 2256 845
234 2198 293 2241 nox
315 2180 368 2241 ubi
389 2178 518 2241 terribili
539 2186 634 2240 terras
658 2179 782 2257 caligine
804 2182 886 2240 texit.

235 2268 313 2348 quod
335 2271 425 2329 nimis
449 2287 465 2328 a
487 2273 585 2328 verast
606 2267 692 2346 longe
714 2269 827 2328 ratione
849 2273 1010 2328 remotum:

236 2359 358 2438 quippe,
380 2355 432 2416 ubi
455 2355 500 2416 soi
522 2355 633 2416 nudum
656 2362 841 2416 contractans
864 2373 972 2434 corpus
994 2356 1083 2435 aquai

165 2460 221 2511 855
236 2462 297 2504 non
320 2446 430 2523 quierit
453 2443 580 2505 calidum
603 2462 709 2522 supera
732 2444 768 2505 de
790 2443 916 2504 reddere
938 2450 1035 2525 parte,
1130 2463 1168 2506 ees

235 2549 302 2592 cnm
325 2549 466 2611 superum
489 2531 589 2593 lumen
611 2538 692 2594 tanto
714 2532 829 2592 fervore
852 2531 982 2612 fruatur,

165 2635 216 2687 850
235 2621 287 2699 qui
309 2625 398 2699 queat
418 2619 468 2679 hic
490 2626 593 2699 supter
614 2626 673 2682 tam
697 2637 797 2680 crasso
820 2636 944 2699 corpora
966 2625 1079 2680 terram

234 2725 417 2788 percoqnerc
440 2725 573 2768 umorem
597 2714 627 2769 ct
649 2706 741 2768 calido
766 2709 873 2768 satiare
895 2704 1026 2786 vapore?

234 2798 410 2876 praesertim
433 2814 500 2857 cum
523 2798 570 2856 rix
592 2798 688 2875 possit
708 2814 763 2874 per
785 2801 868 2874 septa
890 2795 1046 2855 domorum

164 2891 222 2944 880
234 2887 386 2946 insinuare
409 2903 495 2946 suum
517 2884 608 2945 radiis
631 2882 803 2944 ardentibus
826 2890 948 2944 aestum.
1131 2905 1170 2945 ecc

235 2992 309 3053 quae
332 2975 439 3033 ratiost
459 2968 571 3051 igitur?
606 2973 760 3052 nimirum,
781 2977 861 3032 terra
883 2972 977 3050 magis
1000 2970 1080 3049 quod

165 3076 215 3127 885
234 3080 301 3123 rara
323 3067 405 3141 tepet
426 3062 539 3122 circum
561 3060 672 3121 fontem
695 3078 783 3139 quam
806 3066 905 3121 cetera
925 3057 1028 3138 tellus,

233 3149 383 3228 multaque
406 3155 476 3210 sunt
497 3149 575 3228 ignis
597 3166 688 3228 prope
713 3150 825 3208 semina
848 3165 956 3227 corpus
977 3148 1073 3226 aquai

233 3238 290 3298 hoc
311 3237 365 3298 ubi
386 3238 521 3298 roriferis
543 3243 653 3297 terram
676 3253 735 3297 nox
758 3235 858 3297 obruit
878 3235 1007 3316 umbris,

163 3331 219 3383 865
235 3324 380 3405 extemplo
404 3324 508 3386 subtus
531 3325 664 3403 frigescit
685 3331 766 3386 terra
788 3325 919 3403 coitque:
1132 3344 1171 3386 scs

233 3413 288 3475 hac
310 3416 423 3474 ratione
446 3414 480 3475 fit
501 3419 547 3494 ut,
569 3420 718 3492 tamquam
741 3429 911 3492 compressa
931 3429 1021 3472 manu
1045 3412 1097 3491 sit,

152 3519 209 3572 888
228 3505 381 3588 exprimat
403 3504 438 3567 in
459 3502 574 3566 fontem
596 3519 672 3582 quac
693 3503 951 3578 seminecemque
974 3498 1064 3561 habet
1083 3501 1172 3581 ignis,
