2430 3878
101 198 163 262 106
585 196 624 251 IV

169 351 199 405 et
221 346 343 422 vestigia
365 351 465 404 nostra
488 345 573 422 sequi
595 351 769 423 gestumque
791 345 914 425 imitari3
1064 363 1099 406 aas

169 438 237 493 aera
260 434 286 492 si
308 432 406 493 credis
428 434 575 511 privatum
597 431 709 493 lumine
731 450 819 512 posse

98 537 150 587 aso
168 520 337 602 indugredi,
360 528 457 581 motus
480 520 632 581 hominum
655 530 829 599 gestumque
853 527 1041 599 sequentem:

98 625 234 676 366nam
256 609 298 670 nil
322 627 387 669 esse
409 616 507 688 potest
529 608 608 669 aliud
634 610 693 669 nisi
715 608 826 669 lumine
850 627 951 669 cassus

169 702 220 757 aer
242 697 272 757 id
296 697 373 776 quod
396 715 451 757 nos
474 697 609 758 umbram
631 696 787 776 perhibere
810 702 940 758 suemus.

168 787 321 866 nimirum,
345 787 413 864 quia
435 792 515 845 terra
537 785 610 845 locis
634 804 670 846 ex
692 785 795 846 ordine
819 788 910 846 certis
1067 806 1106 846 cao

169 873 280 934 lumine
302 876 436 953 privatur
457 873 529 934 solis
552 891 738 952 quacumque
760 881 893 935 meantes

96 978 151 1030 aaa
169 963 328 1042 officinas,
352 962 486 1042 repletur
507 965 578 1022 item
602 962 680 1040 quod
703 962 844 1040 liquimus
868 964 946 1042 eius,

99 1057 325 1130 371propterea
347 1051 381 1110 fit
403 1053 448 1110 uti
469 1051 616 1131 videatur,
639 1069 713 1129 quae
736 1051 791 1110 fuit
813 1049 918 1111 umbra

171 1141 317 1220 corporis,
340 1157 356 1199 e
379 1141 500 1217 regione
524 1138 625 1200 eadem
648 1157 819 1217 nasusque
843 1145 952 1199 secuta.

171 1245 288 1306 semper
310 1229 389 1287 enim
412 1245 486 1287 nova
506 1246 541 1287 se
564 1227 713 1288 radiorum
736 1226 847 1287 lumina
870 1226 997 1287 fundunt
1068 1247 1109 1288 aro

169 1317 323 1395 primaque
347 1315 532 1395 dispereunt,
556 1317 640 1393 quasi
662 1317 694 1375 in
716 1317 815 1392 ignem
837 1315 903 1374 lana
925 1314 1069 1375 trahatur.

100 1421 152 1471 360
170 1411 328 1482 propterea
350 1402 435 1463 facile
459 1411 489 1463 et
512 1403 654 1481 spoliatur
676 1402 787 1463 lumine
810 1410 902 1483 terra,

100 1508 156 1560 376
170 1499 200 1552 et
222 1491 353 1570 repletur
375 1493 447 1551 item
469 1493 627 1570 nigrasque
651 1491 709 1551 sibi
732 1491 824 1552 abluit
846 1491 974 1552 umbras.

215 1578 276 1639 Nec
298 1587 397 1639 tamen
419 1579 468 1639 hio
490 1578 591 1639 oculos
615 1578 676 1639 falli
698 1579 888 1640 concedimus
910 1578 1012 1639 hilum.

170 1685 238 1727 nam
262 1685 445 1745 quocumque
469 1666 533 1727 loco
558 1669 597 1727 sit
618 1666 668 1727 lux
691 1676 778 1746 atque
801 1667 905 1727 umbra
930 1671 1009 1728 tueri
1069 1692 1112 1733 cco

171 1755 331 1815 illorumst:
355 1754 456 1815 eadem
479 1773 548 1815 vero
573 1757 633 1815 sint
654 1755 764 1815 lumina
787 1773 894 1835 necne,

102 1860 153 1910 365
172 1843 334 1921 umbraque
357 1861 431 1921 quae
454 1843 510 1903 fuit
532 1843 580 1903 hic
604 1844 705 1904 eadem
728 1862 807 1904 nunc
829 1852 960 1905 transeat
983 1844 1054 1906 illuc

101 1949 207 2000 381an
230 1934 328 2010 potius
352 1932 403 1991 fiat
424 1931 511 2010 paulo
535 1932 614 2010 quod
637 1931 765 1992 diximus
788 1939 868 2012 ante,

172 2020 229 2080 hoc
252 2021 341 2079 animi
364 2019 482 2079 demum
505 2022 579 2080 ratio
602 2020 771 2080 discernere
795 2019 895 2101 debet,

172 2126 228 2168 nec
250 2115 375 2186 possunt
397 2106 475 2168 oculi
497 2115 632 2168 naturam
653 2126 775 2168 noscere
799 2126 907 2168 rerum.

172 2196 295 2275 proinde
319 2198 409 2256 animi
431 2198 535 2257 vitium
558 2197 614 2257 hoc
637 2195 730 2256 oculis
754 2195 901 2274 adfingere
925 2196 993 2258 noli.

102 2302 154 2352 370
174 2303 230 2364 qua
253 2285 388 2345 vehimur
411 2287 491 2364 navi,
514 2285 621 2365 fertur,
644 2303 712 2344 cum
735 2291 813 2344 stare
836 2284 965 2346 videtur:

102 2388 157 2440 386
172 2391 246 2452 quae
269 2379 368 2432 manet
390 2375 422 2433 in
444 2374 583 2452 statione,
606 2390 641 2432 ea
662 2379 780 2451 praeter
803 2373 934 2433 creditur
957 2376 1010 2435 ire.

172 2468 203 2522 et
225 2460 326 2537 fugere
350 2459 386 2519 ad
408 2463 531 2539 puppim
554 2459 643 2521 colles
667 2462 821 2539 campique
844 2461 994 2543 ridentur,

172 2566 246 2628 quos
270 2550 383 2625 agimus
405 2555 523 2626 praeter
545 2567 649 2608 navem
671 2547 803 2626 velisque
825 2548 964 2610 volamus.

173 2635 271 2696 sidera
294 2653 411 2695 cessare
434 2636 573 2696 aetheriis
596 2636 689 2717 adfixa
712 2638 845 2696 cavernis

103 2740 153 2791 ero
173 2730 277 2784 cuncta
300 2720 449 2805 videntur,
472 2731 503 2784 et
524 2723 648 2785 adsiduo
672 2730 741 2784 sunt
763 2727 861 2784 omnia
883 2733 977 2806 motu,

102 2828 154 2879 391
172 2811 409 2891 quandoquidem
432 2811 535 2891 longos
558 2812 655 2873 obitus
679 2819 780 2872 exorta
802 2815 948 2892 revisunt,

173 2917 240 2960 cum
262 2918 419 2979 permensa
442 2918 496 2961 suo
520 2909 588 2961 sunt
611 2899 724 2961 caelum
747 2918 871 2979 corpore
895 2900 983 2961 claro.

173 2987 274 3066 solque
297 2990 363 3066 pari
384 2991 496 3049 ratione
520 3007 640 3049 manere
663 2996 693 3049 et
715 2988 784 3049 luna
806 2989 943 3049 videntur

173 3079 204 3136 in
228 3078 366 3157 statione,
389 3095 423 3137 ea
446 3095 520 3155 quae
544 3077 616 3136 ferri
638 3095 687 3137 res
710 3077 820 3138 indicat
843 3080 915 3156 ipsa.

101 3181 154 3231 380
173 3166 373 3244 exstantisque
396 3164 499 3244 procul
521 3164 620 3224 medio
644 3164 680 3225 de
703 3167 819 3244 gurgite
841 3167 950 3225 montis

101 3252 317 3321 39601assibus
340 3255 418 3313 inter
441 3271 516 3332 quos
537 3252 613 3313 liber
635 3260 715 3331 patet
738 3256 834 3314 exitus
857 3256 975 3335 ingens,

172 3340 268 3402 insula
291 3343 456 3402 coniunctis
478 3349 578 3402 tamen
601 3359 636 3401 ex
658 3341 705 3401 his
728 3361 787 3403 una
810 3342 933 3403 ridetur.

98 3435 102 3441 '
173 3432 247 3491 atria
270 3432 381 3490 versari
404 3437 434 3490 et
457 3432 689 3491 circumcursare
712 3430 864 3491 columnae

164 3536 261 3597 usqne
283 3517 359 3579 adeo
383 3519 417 3581 fit
440 3521 487 3581 uti
508 3519 613 3601 pueris
633 3518 806 3599 uincantur,
823 3519 880 3578 uiti
896 3521 960 3595 ipsi
