2430 3878
98 189 162 254 170
582 188 609 243 V

97 354 165 403 1415
184 352 254 414 ergo
272 335 425 395 hominum
443 352 536 413 genus
554 337 585 395 in
605 353 722 396 cassum
738 335 907 414 frustraque
921 332 1093 398 laboratum

186 441 303 501 semper
325 431 355 482 et
376 420 412 483 111
434 425 513 483 curis
536 426 683 484 consumit
705 423 841 484 inanibus
865 440 979 503 aevom,

97 519 171 571 1430
186 513 339 591 nimirum,
363 512 512 589 quianon
536 514 671 590 cognovit
694 530 768 590 quae
792 513 831 571 sit
852 510 981 571 habendi

122 643 124 647 -
185 601 253 660 finis
276 605 305 659 01
328 601 446 658 omnino
471 599 565 677 quoad
588 606 702 660 crescat
723 618 793 660 vera
815 599 961 678 voluptas:

186 688 274 765 idque
297 689 464 747 minutatim
486 689 574 747 vitam
596 690 732 766 provexit
753 689 785 748 in
807 687 898 747 altum

99 793 167 842 1420
187 783 217 836 et
238 775 309 835 belli
331 792 453 853 magnos
475 778 632 836 commovit
654 776 786 837 funditus
809 781 915 836 aestus.
1049 797 1096 839 ms

229 862 266 923 At
288 862 390 942 vigiles
412 863 516 923 mundi
538 881 676 942 magnum
697 863 833 924 versatile
856 863 1000 942 templum

98 950 230 1012 1435101
253 957 283 1011 01
304 950 373 1011 luna
395 969 449 1012 suo
472 950 632 1012 lustrantes
653 951 764 1012 lumine
787 953 900 1012 circum

186 1040 366 1118 perdocuere
389 1039 525 1100 homines
547 1057 690 1100 annorum
712 1047 845 1119 tempora
867 1040 943 1099 verti

186 1134 216 1188 et
239 1135 318 1188 certa
341 1130 454 1187 ratione
477 1131 541 1206 geri
563 1146 625 1188 rem
649 1135 736 1207 atque
759 1128 863 1188 ordine
886 1134 976 1188 certo.

101 1231 169 1280 1425
231 1215 292 1276 lam
314 1215 417 1275 validis
441 1218 534 1294 saepti
557 1215 701 1295 degebant
722 1216 854 1277 turribus
878 1233 992 1297 aevom,
1048 1239 1097 1279 1141

188 1311 218 1364 01
241 1304 333 1364 divisa
356 1303 505 1365 colebatur
527 1305 711 1383 discretaque
734 1305 835 1386 tellus,

99 1398 172 1449 1440
187 1394 244 1452 iam
267 1409 349 1452 mare
370 1392 501 1453 velivolis
524 1392 647 1453 florebat
667 1389 799 1454 11011111
821 1439 915 1453 .....

188 1480 295 1541 auxilia
317 1497 350 1539 ac
373 1482 470 1541 socios
492 1482 550 1540 iam
573 1489 657 1559 pacto
680 1481 798 1541 foedere
820 1480 980 1562 habebant,

188 1566 366 1629 carminibus
390 1584 457 1628 cum
479 1586 528 1628 res
551 1576 647 1646 gestas
670 1587 794 1647 coepere
816 1573 919 1647 poetae

101 1671 169 1720 1430
187 1656 317 1716 tradere:
340 1672 395 1716 nec
417 1655 508 1715 multo
531 1656 606 1734 priu'
630 1664 699 1716 sunt
721 1657 865 1717 elementa
887 1662 1014 1734 reperta.
1048 1677 1098 1718 1111

187 1748 344 1822 propterea
367 1743 437 1820 quid
461 1745 500 1803 sit
520 1746 604 1822 prius
628 1751 724 1805 actum
747 1747 896 1823 respicere
920 1751 999 1804 30131

101 1837 288 1891 1445101113
310 1833 425 1911 nequit,
448 1832 506 1890 nisi
529 1849 587 1910 qua
608 1835 683 1892 ratio
706 1834 828 1911 vestigia
849 1839 1003 1892 monstrat.

231 1918 351 1997 Navigia
374 1926 460 1997 atque
483 1921 546 1997 agri
569 1919 698 1981 culturas
720 1922 836 1980 moenia
858 1920 939 1998 leges

188 2024 267 2067 arma
290 2009 351 2067 vias
374 2009 638 2069 10110101001013
662 2009 697 2068 (10
721 2026 827 2087 genere
850 2009 957 2068 horum

101 2110 169 2160 1431
187 2097 331 2175 praemia,
354 2094 475 2155 delicias
498 2113 614 2174 quoque
637 2098 712 2156 vitae
735 2097 867 2157 funditus
891 2099 1001 2177 omnis,
1049 2117 1100 2159 1111

188 2186 330 2264 carmina,
352 2186 495 2265 picturas,
519 2191 549 2245 01
570 2183 690 2245 daedala
712 2187 795 2263 signa
816 2184 924 2264 polire,

100 2278 172 2329 1450
187 2291 259 2333 usus
283 2280 313 2331 et
334 2273 477 2350 impigrae
500 2272 587 2332 simtd
610 2275 790 2351 experientia
813 2275 921 2334 mentis

187 2360 327 2439 paulatim
351 2359 450 2420 docuit
471 2360 682 2438 pedetemptim
704 2361 930 2438 progredientis.

189 2450 232 2507 sic
255 2462 346 2507 unum
369 2447 508 2526 quicquid
531 2448 671 2526 paulatim
693 2448 838 2526 protrahit
863 2455 942 2508 aetas

101 2551 170 2601 1440
188 2537 220 2594 in
242 2534 372 2594 medium
394 2537 527 2613 ratioque
550 2538 581 2596 in
603 2536 723 2596 luminis
746 2538 835 2615 erigit
857 2554 936 2597 oras:
1049 2558 1100 2599 1111

188 2641 312 2701 namque
336 2621 394 2682 alid
417 2641 452 2681 ex
476 2622 532 2682 alio
556 2623 717 2684 clarescere
741 2625 831 2684 cordi’
851 2624 990 2685 videbant

100 2717 171 2768 1455
188 2709 300 2771 artibus
323 2709 358 2770 ad
382 2728 529 2770 summum
552 2712 646 2773 donec
668 2730 774 2772 venere
798 2731 947 2774 cacumen.
