2430 3878
97 159 139 225 88
580 159 620 213 111

167 307 241 367 adde
265 305 342 385 quod
361 308 392 366 in
415 306 514 384 nigras
538 305 663 384 lethargi
685 306 830 382 mergitur
852 304 957 364 undas.

212 393 260 453 Nil
282 397 373 472 igitur
396 412 475 454 mors
495 401 541 453 est
559 393 595 453 ad
614 412 668 453 nos
687 411 783 471 neque
802 395 933 471 pertinet
951 391 1062 475 hilum,
1075 416 1116 458 eoo

168 481 406 561 quandoquidem
429 487 534 541 natura
557 484 647 542 animi
670 480 803 542 mortalis
825 479 960 542 habetur.

98 577 198 637 830οι
220 569 299 630 velut
322 576 389 630 ante
414 576 478 629 acto
501 568 544 629 nil
566 576 700 648 tempore
724 570 871 629 sensimus
894 572 992 651 aegri,

98 675 149 725 830
168 658 204 718 ad
227 657 444 736 confligendum
466 657 654 718 venientibus
678 656 808 735 undique
830 655 954 738 Poenis,

169 749 265 806 omnia
289 764 356 806 cum
378 744 450 805 belli
471 745 588 824 trepido
612 763 755 805 concussa
779 744 908 805 tumultu

168 834 287 894 horrida
311 839 515 893 contremuere
539 832 594 893 suh
618 833 684 893 altis
708 832 836 893 aetheris
859 834 933 912 oris,
1074 856 1116 898 aas

169 925 201 982 in
224 921 372 1000 dubioque
396 921 478 982 luere
502 928 636 982 utrorum
660 921 695 981 ad
718 939 809 999 regna
834 919 1001 981 cadendum

99 1026 154 1076 880
168 1009 305 1070 omnihus
327 1009 465 1070 humanis
488 1016 567 1069 esset
589 1017 727 1088 terraque
748 1011 895 1091 marique,

99 1115 150 1164 838
170 1101 227 1178 sic,
250 1097 301 1159 ubi
324 1116 384 1157 non
406 1099 532 1177 erimus,
554 1116 622 1158 eum
645 1099 778 1175 corporis
801 1105 888 1176 atque
911 1098 1026 1158 animai

171 1186 328 1246 discidium
351 1186 454 1266 fuerit,
478 1185 585 1264 quihus
609 1204 625 1245 e
650 1204 751 1245 sumus
773 1188 872 1245 uniter
895 1187 970 1265 apti,

170 1273 293 1355 scilicet,
315 1274 394 1334 haud
411 1273 497 1333 nobis
517 1276 684 1353 quicquam,
703 1275 755 1352 qui
773 1291 833 1333 non
851 1275 963 1334 erimus
982 1280 1061 1355 tum,
1075 1298 1116 1338 seo

172 1363 306 1422 accidere
330 1364 448 1421 omnino
471 1363 582 1439 poterit
605 1379 784 1440 sensumque
807 1379 939 1440 movere,

99 1466 156 1516 840
172 1468 232 1510 0οο
255 1452 281 1509 si
302 1455 382 1509 terra
404 1451 479 1508 mari
502 1449 676 1510 miscebitur
698 1456 728 1509 et
749 1467 830 1509 mare
854 1449 943 1509 caelo,

101 1532 224 1619 attollet
247 1539 273 1597 si
295 1539 353 1597 iam
376 1544 477 1596 nostro
501 1539 592 1597 sentit
615 1538 650 1597 de
674 1555 797 1615 corpore
820 1543 978 1616 postquam

172 1625 340 1684 distractast
363 1626 455 1684 animi
477 1631 581 1685 natura
604 1627 776 1704 animaeque
799 1632 944 1706 potestas,

109 1750 113 1756 ·
172 1712 213 1773 nil
234 1719 335 1773 tamen
358 1719 403 1772 est
426 1712 462 1772 ad
484 1731 553 1791 nos,
576 1715 627 1791 qui
650 1719 769 1791 comptu
792 1715 988 1793 coniugioque
1073 1738 1116 1779 08

172 1803 306 1878 corporis
329 1809 415 1878 atque
439 1802 552 1860 animae
571 1802 760 1861 consistimus
784 1804 883 1861 uniter
906 1804 976 1880 apti.

101 1903 156 1955 845
172 1908 241 1968 000,
267 1891 293 1947 si
315 1890 468 1949 materiem
491 1896 622 1948 nostram
644 1888 795 1967 collegerit
818 1896 897 1949 aetas

102 1992 154 2041 840
172 1983 240 2056 post
263 1975 376 2036 obitum
398 1994 575 2055 rursumque
598 1976 748 2054 redegerit
769 1982 803 2037 ut
825 1979 880 2037 sita
903 1995 983 2038 nunc
1006 1985 1068 2060 est,

173 2072 260 2143 atque
283 2066 392 2124 iterum
414 2064 501 2125 nobis
524 2065 634 2124 luerint
656 2065 723 2125 data
745 2064 856 2125 lumina
877 2067 968 2145 vitae,

172 2155 319 2231 pertineat
337 2154 494 2231 quicquam
511 2159 610 2212 tamen
628 2152 664 2212 ad
683 2170 738 2212 nos
755 2153 787 2213 id
806 2170 922 2231 quoque
937 2154 1058 2236 iactum,
1071 2177 1116 2218 eoo

172 2244 337 2319 interrupta
361 2240 453 2300 semel
475 2259 543 2301 eum
566 2243 605 2300 sit
627 2243 790 2318 repetentia
814 2243 917 2301 nostri.

102 2346 158 2395 850
173 2336 202 2390 et
224 2347 303 2389 nuno
325 2328 368 2388 nil
391 2328 427 2389 ad
450 2347 504 2389 nos
528 2327 564 2388 de
587 2327 673 2388 nohis
696 2331 814 2409 attinet,
837 2335 905 2389 ante

103 2434 155 2482 850
174 2418 225 2495 qui
248 2417 370 2496 luimus,
392 2433 487 2494 oeque
509 2418 568 2475 iam
590 2415 627 2476 de
649 2415 708 2476 illis
731 2434 786 2476 nos
809 2416 909 2477 adiicit
931 2435 1033 2495 angor.

173 2522 242 2564 nam
264 2522 331 2563 cum
354 2506 496 2582 respicias
519 2505 647 2563 inmensi
669 2506 812 2582 temporis
835 2522 921 2565 omne

173 2593 365 2670 praeteritum
388 2593 528 2670 spatium,
550 2597 614 2651 tum
636 2599 734 2652 motus
757 2595 891 2653 materiai
1072 2615 1116 2656 eoo

173 2677 354 2738 multimodis
378 2696 465 2756 quam
488 2680 560 2758 sint,
583 2678 669 2741 facile
691 2679 747 2741 hoc
770 2681 929 2741 adcredere
952 2683 1064 2762 possis,

103 2782 159 2834 355
174 2769 286 2826 semina
310 2784 396 2844 saepe
416 2768 447 2826 in
466 2766 578 2846 eodem,
601 2774 634 2827 ut
652 2785 731 2828 nunc
751 2776 827 2849 sunt,
850 2769 954 2829 ordine
972 2776 1058 2847 posta
1072 2791 1115 2832 eor

105 2871 155 2921 855
173 2855 246 2915 haec
266 2855 377 2934 eadem,
400 2853 506 2932 quibus
525 2873 541 2914 e
560 2873 639 2915 0000
657 2874 711 2916 nos
731 2874 842 2937 sumus,
866 2865 932 2918 ante
951 2857 1058 2918 fuisse:
1073 2880 1117 2920 aas

173 2962 228 3004 nec
252 2945 376 3002 memori
398 2949 496 3003 tamen
518 2943 549 3002 id
573 2945 690 3022 quimus
709 2944 927 3022 reprehendere
945 2952 1059 3005 mente:
1073 2967 1118 3008 eae

173 3034 252 3091 inter
275 3033 354 3090 enim
377 3032 481 3091 iectast
504 3033 575 3090 vitai
595 3050 700 3111 pausa,
723 3051 852 3111 vageque

174 3120 350 3180 deerrarunt
372 3121 482 3197 passim
505 3126 603 3179 motus
627 3119 663 3179 ab
687 3120 823 3181 sensibus
847 3117 987 3200 omnesss
1074 3144 1119 3185 sao

104 3223 160 3274 800
175 3207 263 3267 dehet
285 3209 377 3286 enim,
400 3209 510 3267 misere
534 3209 560 3266 si
583 3207 658 3267 forte
682 3225 828 3287 aegreque
852 3209 1027 3290 futurumst,

104 3313 155 3363 800
175 3298 239 3374 ipse
258 3313 374 3373 quoqne
394 3312 459 3355 esse
478 3296 510 3353 in
525 3312 559 3355 eo
574 3302 637 3354 tum
650 3301 794 3376 tempore,
812 3299 862 3356 cui
875 3296 950 3356 male
964 3299 1062 3376 possit
1075 3320 1119 3360 aaa

175 3382 322 3443 accidere:
345 3382 374 3442 id
400 3384 539 3460 quoniam
561 3400 641 3441 mors
665 3385 780 3463 eximit,
804 3402 928 3464 esseque
950 3383 1058 3464 probet

170 3471 255 3533 illum
280 3473 327 3532 cui
349 3473 467 3550 possint
489 3470 675 3531 incommoda
697 3471 862 3552 conciliari,
1076 3495 1121 3537 ese
