2430 3878
565 194 605 249 111

133 347 237 402 noctes
260 347 347 419 atque
371 340 435 401 dies
460 343 515 401 niti
537 347 705 420 praestante
729 341 828 402 labore

134 428 171 490 ad
194 447 325 490 summas
348 447 501 507 emergere
525 447 610 510 opes,
632 429 704 489 haec
726 428 847 490 vulnera
868 432 946 490 vitae

132 535 194 578 non
217 519 368 578 minimam
391 523 506 596 partem
529 520 633 577 mortis
657 518 813 578 formidine
838 517 962 578 aluntur.

76 621 116 672 oo
133 608 231 685 turpis
254 608 333 666 enim
357 606 449 666 ferme
473 612 659 685 contemptus
683 614 712 667 et
734 609 811 667 acris
834 613 949 684 egestas

135 701 246 755 semota
270 694 306 754 ab
330 693 410 754 dulci
432 695 492 754 vita
515 693 670 773 stabilique
693 695 831 755 videntur

135 789 165 844 et
187 784 273 861 quasi
294 784 353 842 iam
375 782 428 842 leti
449 789 551 861 portas
574 785 741 844 cunctarier
763 789 843 843 ante:

136 870 212 931 unde
235 870 370 930 homines
393 870 463 930 dum
487 888 518 929 se
542 869 615 930 falso
638 877 752 930 terrore
775 873 869 931 coacti

135 959 273 1037 effugisse
295 957 397 1018 volunt
418 957 518 1038 longe,
541 957 686 1036 longeque
708 976 852 1039 remosse,

79 1062 116 1114 to
134 1049 276 1124 sanguine
300 1046 380 1108 civili
402 1064 467 1106 rem
489 1045 617 1107 conssant
640 1045 815 1125 divitiasque

135 1134 343 1213 conduplicant
365 1134 454 1215 avidi,
477 1133 598 1195 caedem
620 1134 708 1194 caede
732 1134 962 1215 accumulantes,

135 1221 271 1284 crudeles
294 1222 423 1302 gaudent
444 1226 476 1282 in
498 1224 578 1283 tristi
600 1222 704 1282 funere
726 1223 840 1303 fratris,

134 1318 164 1372 et
187 1313 437 1390 consanguineum
458 1328 576 1371 mensas
600 1310 689 1370 odere
711 1312 884 1390 timentque.

135 1400 283 1460 consimili
304 1402 416 1460 ratione
441 1398 476 1459 ab
500 1398 604 1459 eodem
627 1416 715 1478 saepe
738 1402 845 1460 timore
908 1442 911 1453 .

80 1504 113 1553 τό
134 1494 263 1548 macerat
285 1487 395 1548 invidia
418 1494 485 1548 ante
509 1486 609 1548 oculos
632 1487 716 1548 illum
739 1506 805 1548 esse
827 1493 990 1568 potentem,

134 1576 218 1636 illum
240 1578 399 1657 aspecturi,
422 1575 500 1636 claro
525 1578 576 1654 qui
598 1575 709 1636 incedit
730 1575 855 1656 honore3

43 1702 46 1707 -
134 1667 192 1744 ipsi
216 1682 247 1724 se
270 1667 302 1724 in
324 1663 457 1725 tenebris
479 1662 555 1723 volvi
578 1682 727 1743 caenoque
753 1671 925 1743 quemmtur.
988 1728 992 1733 ,

132 1755 283 1813 intereunt
304 1754 413 1831 partim
436 1759 598 1812 statuarum
622 1759 651 1813 et
673 1754 802 1812 nominis
825 1770 903 1830 ergo.

133 1847 163 1901 et
185 1859 273 1919 saepe
296 1859 390 1919 usque
413 1840 499 1920 adeo,
521 1841 627 1900 mortis
649 1840 820 1921 formidine,
843 1843 918 1901 vitae

75 1945 112 1994 80
132 1930 259 2008 percipit
280 1929 424 1988 humanos
448 1927 549 1988 odium
571 1927 705 2006 lucisque
728 1928 883 2009 videndae,

132 2023 166 2076 ut
189 2016 245 2076 sibi
268 2019 454 2076 consciscant
475 2018 620 2076 maerenti
641 2022 761 2094 pectore
784 2015 889 2097 letum,

133 2103 217 2164 obliti
239 2104 350 2165 iontem
373 2122 511 2164 curarum
533 2103 612 2164 hunc
635 2121 700 2164 esse
723 2106 874 2184 timorem,

132 2193 211 2252 hunc
233 2210 338 2253 vexare
361 2190 519 2272 pudorem,
542 2191 621 2252 hunc
643 2190 759 2251 vincula
782 2193 921 2252 amicitiai

132 2297 271 2359 rumpere
293 2287 322 2341 et
346 2281 377 2339 in
401 2297 515 2340 summa
537 2281 677 2359 pietatem
700 2286 832 2339 evertere
851 2276 874 2359 †
893 2280 1009 2340 suadet:

75 2383 113 2433 85
132 2387 200 2429 nam
222 2370 281 2429 iam
304 2385 391 2446 saepe
414 2367 549 2428 homines
570 2369 696 2447 patriam
719 2386 862 2446 carosque
884 2371 1014 2447 parentis

131 2456 326 2536 prodiderunt
347 2459 440 2516 vitare
463 2457 624 2517 Acherusia
646 2456 755 2536 templa
776 2463 920 2537 petentes.

131 2562 198 2605 nam
222 2544 312 2606 veluti
334 2546 421 2623 pueri
443 2545 592 2625 trepidant
614 2552 702 2623 atque
725 2548 824 2605 omnia
847 2548 942 2606 caecis

132 2635 163 2693 in
184 2633 317 2694 tenebris
339 2639 488 2714 metuunt,
510 2635 554 2693 sic
577 2651 630 2693 nos
654 2635 686 2692 in
708 2633 773 2693 luce
796 2635 935 2694 timemus

132 2721 293 2802 interdum,
316 2722 376 2782 nilo
400 2738 474 2801 quae
499 2728 567 2781 sunt
589 2720 746 2782 metuenda
768 2724 862 2800 magis
886 2740 973 2800 quam

75 2824 113 2873 90
132 2827 206 2889 quae
228 2810 316 2888 pueri
337 2811 368 2869 in
390 2809 523 2870 tenebris
546 2812 678 2888 pavitant
699 2810 872 2888 finguntque
896 2810 1001 2869 futura.

130 2897 209 2957 hunc
232 2898 324 2974 igitur
345 2903 490 2957 terrorem
514 2900 606 2958 animi
629 2897 825 2977 tenebrasque
848 2905 999 2957 necessest

130 3002 189 3045 non
212 2984 289 3044 radii
312 2984 382 3045 solis
405 3003 501 3064 neque
525 2985 621 3046 lucida
643 2985 701 3046 tela
725 2985 784 3045 diei

131 3072 302 3152 discutiant,
327 3073 379 3133 sed
401 3081 523 3134 naturae
547 3077 662 3153 species
685 3076 828 3152 ratioque.

172 3160 305 3221 Primum
328 3163 459 3222 animum
478 3161 552 3243 dico,
574 3169 704 3222 mentem
723 3180 811 3240 quam
830 3178 917 3240 saepe
935 3179 1081 3242 vocamus,
1173 3225 1174 3228 ,

75 3266 110 3314 so
129 3251 161 3309 in
184 3267 242 3330 quo
266 3250 424 3310 consilium
445 3251 521 3310 ritae
544 3253 735 3329 regimenque
759 3249 928 3330 locatumst,

129 3356 194 3398 esse
217 3337 345 3397 hominis
368 3345 482 3416 partem
504 3338 564 3397 nilo
587 3341 686 3399 minus
709 3356 742 3398 ac
765 3356 869 3399 manus
893 3345 923 3399 et
944 3357 997 3417 pes

128 3433 215 3504 atque
238 3425 318 3485 oculi
339 3434 439 3505 partes
463 3427 619 3488 animantis
642 3429 733 3488 totius
756 3433 864 3488 extant
