2430 3878
588 192 628 247 VI
1047 192 1110 258 183

173 345 204 400 et
227 357 430 418 quaecumque
454 341 486 400 in
509 357 544 400 eo
567 346 631 400 tum
654 341 715 400 sint
737 339 882 420 deprensa
905 340 1032 402 tumultu

99 435 157 487 430
172 429 288 506 navigia
309 430 341 487 in
365 445 513 489 summum
535 430 654 488 veniant
675 434 778 489 rorata
799 427 952 508 periclum.
1070 452 1111 492 mo

172 517 229 577 hoc
251 517 285 576 fit
306 515 359 576 ubi
381 516 613 576 interdum'non
636 518 701 595 quit
722 518 767 576 ris
789 518 880 577 incita
901 519 979 578 vent·

101 621 154 671 405
173 621 312 684 rumpere
337 622 424 683 quam
447 607 545 684 eoepit
566 603 690 685 nubem,
713 605 766 665 sed
788 603 940 687 deprimit,
963 611 997 666 ut
1019 608 1059 666 sit

173 695 205 753 in
227 692 368 753 maredo
391 691 472 753 caelo
495 700 643 771 tamquam
666 692 795 754 demissa
817 693 966 775 columna,

173 779 326 862 paulatim,
350 781 436 859 quasi
458 781 528 860 quid
550 798 649 860 pugno
672 779 850 860 bracchique
874 801 1001 862 superne

101 875 157 928 435
173 871 309 930 coniectu
330 868 467 929 trudatur
489 874 520 929 et
542 869 717 930 extendatur
738 871 770 930 in
790 870 898 952 undas3
1070 891 1110 933 405

174 975 261 1037 quam
285 974 352 1018 eum
376 956 509 1038 discidit,
530 957 601 1018 hinc
623 961 827 1038 prorumpitur
849 960 881 1019 in
903 976 984 1019 mare
1007 961 1088 1019 venti

101 1061 156 1112 430
173 1047 218 1105 vis
241 1051 272 1105 et
293 1045 439 1105 fervorem
461 1047 571 1105 mirum
595 1047 752 1106 concinnat
773 1048 805 1107 in
827 1046 929 1107 undis:

172 1132 376 1194 versabundus
399 1135 478 1194 enim
501 1133 589 1194 turbo
613 1133 766 1195 descendit
788 1140 818 1194 et
840 1134 920 1195 illam

173 1221 294 1282 deducit
315 1223 427 1300 pariter
449 1221 528 1282 lento
552 1240 619 1282 cum
642 1240 766 1302 corpore
788 1221 912 1305 nubem3

101 1316 158 1368 440
173 1327 261 1388 quam
284 1309 373 1371 simul
396 1328 429 1370 00
452 1309 600 1388 gravidam
619 1309 747 1371 detrusit
764 1310 800 1370 ad
818 1329 947 1391 aequora
964 1313 1056 1392 ponti,
1070 1335 1112 1374 440

173 1396 223 1458 ille
246 1399 278 1457 in
301 1415 407 1477 aquam
429 1397 528 1458 subito
550 1405 644 1459 totum
668 1417 700 1459 se
723 1400 846 1459 inmittit
869 1407 899 1460 et
921 1417 1007 1460 omne

101 1502 156 1552 435
175 1487 284 1547 excitat
306 1488 420 1566 ingenti
443 1488 543 1547 sonitu
564 1505 646 1547 mare
668 1487 783 1548 fervere
807 1504 923 1566 cogens.

174 1576 208 1634 fit
230 1588 347 1654 qnoque
370 1580 404 1636 ut
425 1573 553 1635 involvat
573 1577 654 1636 venti
677 1593 709 1636 se
732 1574 861 1636 nubibus
886 1578 950 1656 ipse

174 1668 288 1743 vertex,
311 1662 475 1724 conradens
498 1682 534 1724 ex
557 1667 625 1725 atre
648 1665 760 1724 semina
782 1664 884 1746 nubis,

102 1757 204 1811 445οῐ
226 1753 310 1831 qnasi
333 1750 494 1812 demissum
518 1750 598 1812 caelo
620 1758 754 1831 prestera
777 1754 922 1814 imitetur:
1069 1773 1110 1816 445

174 1839 223 1900 hic
244 1838 298 1900 ubi
320 1857 352 1900 se
375 1841 407 1899 in
429 1846 524 1900 terras
548 1839 667 1900 demisit
688 1839 896 1922 dissoluitque,

103 1943 156 1994 440
173 1925 302 1988 turbinis
324 1930 483 1988 immanem
505 1929 565 1986 rim
586 1930 733 2006 provomit
754 1936 842 2008 atque
864 1927 1020 2008 procellae.

175 2015 227 2075 sed
251 2018 319 2094 quia
341 2016 375 2075 fit
397 2033 463 2076 raro
484 2017 605 2075 omnino
628 2019 797 2095 montisque
820 2023 973 2078 necessest

175 2103 294 2163 officere
317 2105 474 2184 interris,
497 2108 618 2182 apparet
639 2103 773 2164 crebrius
796 2103 875 2165 idem

103 2198 160 2250 450
175 2199 335 2270 prospectu
356 2193 447 2251 maris
470 2193 501 2251 in
523 2209 629 2270 magno
652 2190 792 2270 caeloque
814 2194 934 2270 patenti.
1070 2215 1110 2256 450

219 2278 325 2340 Nubila
347 2286 555 2360 concrescunt,
577 2279 629 2340 ubi
652 2297 775 2359 corpora
797 2279 889 2340 multa
910 2277 1034 2341 volando

104 2384 156 2433 445
174 2367 231 2428 hoc
254 2384 362 2446 supero
384 2370 416 2427 in
439 2366 513 2428 caeli
536 2370 630 2446 spatio
654 2373 751 2428 coiere
774 2373 897 2446 repente

175 2457 338 2536 asperiora,
360 2455 456 2516 modis
479 2474 554 2535 quae
576 2457 692 2535 possint
714 2455 887 2536 indupedita

176 2546 290 2622 exiguis
312 2550 411 2605 tamen
433 2546 512 2605 inter
534 2562 566 2605 se
590 2562 764 2623 comprensa
785 2547 890 2605 teneri.

104 2638 160 2690 455
174 2631 247 2692 hacc
270 2631 381 2692 faciunt
401 2634 531 2711 primum
552 2651 657 2712 parvas
680 2636 844 2694 consistere
868 2633 974 2694 nubes:
1069 2655 1109 2696 450

174 2719 244 2780 inde
268 2737 302 2780 00
324 2721 539 2799 comprendunt
559 2722 639 2782 inter
661 2739 694 2783 se
717 2739 832 2800 conque
855 2728 1014 2800 gregantur

103 2812 206 2873 450οῐ
228 2809 432 2887 coniungendo
456 2816 594 2870 crescunt
615 2811 769 2888 ventisque
793 2810 930 2870 feruntur

175 2914 269 2974 usque
293 2895 365 2956 adeo
389 2896 482 2957 donec
503 2904 663 2976 tempestas
687 2915 772 2958 saeva
795 2902 932 2958 coortast.

174 2983 208 3044 fit
230 3001 347 3063 quoquc
370 2986 415 3044 uti
437 2986 546 3045 montis
569 2986 665 3046 vicina
687 2987 840 3045 cacumina
862 2982 943 3045 caelo

103 3079 160 3130 460
175 3090 262 3151 quam
282 3075 342 3133 sint
360 3090 492 3151 quaeque
511 3075 612 3153 magis,
634 3080 716 3134 tanto
734 3075 828 3151 magis
847 3073 926 3133 edita
943 3073 1056 3133 fument
1070 3096 1111 3136 cco

175 3159 297 3221 adsidue
320 3160 421 3222 furvae
444 3159 531 3221 nubis
554 3160 679 3240 ealigine
702 3180 802 3222 crassa

102 3265 156 3315 455
174 3256 331 3328 propterea
354 3250 435 3330 quia,
459 3267 526 3310 enm
549 3252 716 3310 consistunt
737 3248 839 3310 nubila
860 3252 1004 3330 primum,

174 3343 241 3397 ante
264 3337 364 3398 videre
388 3335 466 3398 oculi
489 3355 576 3416 quam
598 3339 714 3416 possint
736 3339 845 3420 tenvia,
871 3339 952 3398 venti

173 3432 325 3503 portantes
348 3433 454 3505 cogunt
479 3426 514 3486 ad
538 3444 652 3487 summa
675 3428 826 3488 cacumina
848 3428 971 3488 montis:

101 3520 158 3572 405
173 3512 222 3574 hie
245 3513 363 3574 demum
386 3516 420 3575 iit
441 3516 486 3576 uti
507 3513 595 3575 turba
616 3517 728 3576 maiore
752 3522 856 3576 coorta
1076 3535 1120 3596 us
