2430 3878
151 194 213 258 118
634 192 673 247 IV

149 347 249 408 aocet
272 343 339 420 quia
360 343 457 400 tenvia
481 348 562 420 sunt,
584 342 643 400 nisi
668 358 740 419 quae
764 340 928 420 contendit,
951 345 1036 400 acute

150 444 201 494 785
220 447 341 490 cernere
359 447 419 489 non
437 430 515 507 potis
534 434 579 488 est
597 431 725 489 animus:
743 429 867 506 proinde
882 431 979 489 omnia
993 444 1069 505 quae
1084 433 1150 486 sunt

218 524 371 596 praeterea
393 524 531 596 pereunt,
554 515 664 578 nisisi
686 517 721 576 ad
745 534 820 595 quac
844 535 875 577 se
898 519 962 595 ipse
984 516 1107 596 paravit

220 607 284 684 ipse
307 611 390 683 parat
412 623 477 665 sese
500 623 589 684 porro
615 612 771 684 speratque
794 605 925 665 futurum
1112 621 1150 664 coa

220 700 253 753 ut
275 694 372 753 videat
394 692 472 772 quod
495 696 687 771 consequitur
708 711 772 753 rem
795 711 953 772 quamque:
976 692 1010 752 tit
1032 709 1112 770 ergo.

150 797 317 848 80500000
339 781 421 842 vides
445 780 544 842 oculos
568 784 669 862 etiam,
692 799 760 841 cum
781 783 879 841 tenvia
901 798 976 860 quae
998 787 1070 840 sunt
1113 800 1149 840 80

151 885 202 936 100
221 888 342 930 cernere
366 876 539 950 coeperunt,
562 870 739 930 contendere
763 887 795 930 se
818 877 905 949 atquc
927 887 1046 950 parare,
1110 889 1150 929 acc

220 977 275 1019 nec
298 960 362 1018 sine
385 976 420 1018 eo
443 959 509 1018 fieri
530 976 618 1036 posse
640 966 674 1018 ut
696 975 850 1018 cernamus
873 953 979 1018 acute?
1113 977 1151 1017 uo

221 1053 370 1107 ettamen
393 1049 424 1106 in
446 1046 535 1107 rebus
559 1065 675 1125 quoque
698 1048 808 1124 apertis
829 1063 954 1106 noscere
975 1046 1088 1124 possis,

221 1137 328 1195 sinon
351 1136 483 1195 advertas
506 1137 648 1215 animum,
670 1134 794 1213 proinde
817 1152 882 1195 esse
906 1135 990 1213 quasi
1014 1134 1095 1192 omni

151 1237 206 1288 810
221 1229 353 1302 tempore
376 1229 521 1283 semotum
544 1223 633 1283 fuerit
654 1222 799 1302 longeque
822 1229 975 1282 remotum.

152 1326 202 1375 '196
221 1331 274 1372 cur
296 1314 387 1390 igitur
408 1314 558 1392 mirumst,
582 1314 697 1372 animus
721 1313 747 1371 si
769 1318 866 1371 cetera
888 1310 986 1389 perdit

220 1407 337 1480 praeter
360 1418 447 1479 quam
471 1399 577 1478 quibus
601 1406 647 1460 est
668 1402 701 1459 iu
722 1398 812 1459 rebus
835 1399 952 1459 deditus
974 1395 1062 1477 ipse?
1115 1420 1154 1461 08

222 1488 327 1548 deiude
351 1488 542 1566 adopinamur
565 1487 601 1547 de
625 1490 717 1565 signis
740 1489 865 1547 maxima
887 1488 986 1565 parvis

222 1595 255 1636 ac
278 1594 332 1636 nos
355 1578 387 1635 in
409 1576 542 1636 fraudem
565 1576 715 1636 induimus
737 1575 935 1636 frustraminis
958 1576 1025 1653 ipsi.

152 1680 207 1732 815
265 1663 313 1723 Fit
336 1681 452 1742 quoque
475 1670 508 1724 ut
530 1664 678 1724 interdum
701 1681 760 1724 non
783 1663 988 1743 suppeditetur
1011 1665 1107 1742 imago

152 1769 203 1818 800
222 1752 354 1813 eiusdem
377 1754 508 1832 generis,
534 1752 585 1813 sed
608 1753 717 1812 femina
740 1770 815 1830 quae
837 1752 893 1812 suit
915 1757 996 1833 ante,

221 1842 254 1900 in
275 1839 410 1900 manibus
433 1842 479 1900 vir
501 1842 545 1900 uti
567 1840 660 1900 iactus
683 1841 816 1901 videatur
838 1839 956 1920 adesse,
1115 1861 1154 1901 aro

223 1935 273 1989 aut
295 1928 350 1988 alia
374 1946 409 1988 ex
433 1927 488 1989 alia
510 1929 600 1988 facies
622 1935 761 2008 aetasque
783 1935 931 2007 sequatur.

223 2016 300 2095 quod
324 2035 361 2077 ne
383 2019 526 2078 miremur
548 2034 637 2096 sopor
659 2024 746 2095 atque
770 2015 876 2076 oblivia
898 2022 1010 2076 curant.
1115 2039 1154 2079 aaa

152 2121 210 2172 820
264 2098 274 2188 11
286 2104 361 2165 Illud
383 2107 415 2164 in
437 2105 483 2165 his
506 2104 595 2165 rebus
617 2107 722 2165 vitium
744 2111 895 2165 vementer
918 2106 1030 2165 avessis
1116 2127 1154 2167 au

153 2209 203 2258 805
223 2194 364 2274 effugere,
388 2211 520 2253 errorem
543 2195 692 2272 vitareque
715 2199 966 2274 praemetuenter,

221 2281 332 2342 lumina
355 2299 392 2342 00
415 2283 504 2341 facias
527 2281 679 2342 oculorum
702 2281 780 2342 clara
803 2289 912 2361 creata,

222 2372 392 2449 prospicere
415 2377 448 2429 ut
470 2387 638 2450 possemus,
661 2376 692 2429 et
712 2376 747 2430 ut
768 2369 901 2448 proierre
924 2387 1067 2447 queamus
1116 2393 1155 2432 aaa

221 2475 361 2536 proceros
384 2476 502 2537 passus,
524 2457 591 2518 ideo
614 2458 729 2536 fastigia
752 2475 839 2536 posse
1116 2480 1154 2520 aaa

152 2562 210 2614 825
223 2563 359 2605 surarum
382 2563 415 2605 ac
437 2546 579 2606 feminum
602 2545 726 2624 pedibus
749 2545 868 2606 tundata
891 2544 1008 2626 plicari,

152 2650 204 2699 810
222 2632 342 2693 brachia
364 2640 428 2693 tum
450 2651 539 2712 porro
561 2633 665 2694 validis
689 2653 724 2694 ex
748 2641 813 2712 apta
835 2633 953 2694 lacertis

223 2739 288 2782 0880
310 2739 473 2800 manusque
497 2721 578 2781 datas
601 2728 724 2801 utraque
747 2739 784 2783 cc
806 2729 888 2800 parte
910 2723 1075 2804 ministras,
1117 2744 1156 2784 cao

222 2818 256 2870 ut
277 2809 374 2870 facere
398 2809 433 2870 ad
457 2812 545 2869 vitam
567 2827 722 2889 possemus
746 2828 820 2889 quae
843 2810 920 2869 soret
942 2828 1023 2870 usus.

224 2904 320 2958 cetera
344 2897 380 2957 de
403 2916 511 2976 genere
533 2899 589 2959 hoc
611 2900 690 2959 inter
713 2916 915 2977 quaecumque
937 2906 1106 2980 protantnr,

151 3001 208 3052 830
224 2988 321 3046 omnia
343 3004 482 3064 perversa
503 2994 691 3066 praepostera
715 2993 784 3047 sunt
806 2988 932 3066 ratione,

153 3091 204 3140 810
223 3074 265 3135 011
287 3075 354 3134 ideo
379 3076 516 3152 quoniam
538 3081 668 3135 natumst
690 3077 722 3135 in
745 3093 868 3153 corpore
891 3079 924 3133 ut
946 3075 992 3134 uti

222 3180 389 3243 possemus,
413 3161 465 3222 sed
490 3162 566 3241 quod
589 3168 717 3223 natumst
740 3164 770 3223 id
792 3167 927 3241 procreat
950 3181 1045 3222 usum.
1118 3182 1156 3224 aaa

223 3269 278 3310 nec
301 3252 356 3311 iuit
378 3257 445 3311 ante
468 3251 567 3310 videre
592 3250 744 3311 oculorum
766 3250 878 3310 lumina
900 3256 980 3330 nata,

222 3357 277 3399 nec
301 3339 388 3398 dictis
412 3356 496 3399 orare
519 3341 602 3418 prius
627 3357 714 3417 quam
737 3339 836 3416 lingua
860 3345 999 3420 creatast,

152 3442 207 3494 835
225 3427 275 3487 sed
299 3428 397 3505 potius
420 3426 506 3506 longe
529 3427 645 3504 linguae
667 3429 830 3506 praecessit
852 3429 934 3505 origo

536 3511 634 3596 [800
648 3543 690 3566 =
703 3511 780 3578 coc
