2430 3878
164 192 216 248 XII
524 192 805 249 PROLEGOMENA.

163 339 337 419 corpuscula
360 342 386 400 si
410 341 608 420 convenerint,
630 338 700 419 fieri
717 356 903 419 mapparum
920 356 1024 400 rerum
1041 337 1168 401 exordia

162 445 276 508 saepe.
319 430 385 506 quis
408 428 509 488 credet
526 427 745 488 Lachmannum
763 447 817 507 pro
835 444 923 506 saepe
940 444 1056 506 semper
1075 431 1167 506 scrip-

163 526 263 577 turum
285 517 388 596 fuisse,
411 519 437 576 si
460 535 496 575 er
519 535 564 594 ep.
588 517 623 576 ad
646 516 774 596 Pythocl.
798 517 854 576 dat.
873 534 934 594 par.
950 513 991 578 89
1015 516 1168 575 didicisset

162 605 254 665 multa
291 604 436 664 eiusmodi
471 604 648 664 mundorum
685 605 804 664 exordia
840 606 975 682 interire,
1011 611 1166 682 antequam

162 689 397 772 perficerentur?
438 710 491 752 cur
513 692 640 770 denique
663 695 778 771 negarit
792 692 809 752 l.
824 692 859 752 Vl
873 711 897 752 v.
912 688 977 754 446
996 691 1166 751 Lucretium

163 782 262 841 dicere
277 783 408 859 potuisse
423 783 573 858 asperiora
587 783 732 859 principia
745 778 863 861 calquis
876 778 982 843 modis
995 798 1167 858 comprensa

162 868 256 929 nubes
276 869 403 949 efficere,
425 871 484 928 nisi
501 871 659 949 ignoraret,
682 888 756 948 quae
775 876 854 929 esset
872 868 947 947 apud
967 868 1167 928 Democritum

166 964 195 1016 et
223 975 274 1016 eos
297 959 348 1035 qui
371 975 388 1016 a
409 956 575 1017 Democrito
598 958 724 1036 proiecti
746 965 847 1018 essent
868 962 924 1036 τῆς
945 954 1027 1018 κατὰ
1049 954 1168 1038 μικρὸν

162 1042 335 1119 conducam
356 1047 401 1104 ris
424 1051 453 1105 et
476 1041 572 1105 ratio?
617 1045 652 1105 de
677 1065 733 1124 qua
756 1064 788 1106 re
812 1046 877 1105 ride
897 1045 1042 1123 Theophr.
1062 1046 1165 1122 fragm.

162 1134 198 1193 de
218 1133 325 1192 sensib.
344 1150 404 1211 par.
420 1129 461 1193 93
481 1125 582 1214 (Diels,
602 1133 721 1211 doxogr.
740 1153 767 1212 p.
783 1130 856 1214 521,
872 1132 890 1195 l
911 1141 940 1193 et
959 1132 1047 1192 libell.
1067 1151 1168 1192 meum

162 1220 297 1280 scholast.
326 1220 388 1280 Hal.
409 1217 495 1282 1884
522 1221 566 1280 ed.
590 1240 616 1299 p,
639 1216 703 1303 17).
726 1221 929 1281 Lachmannus
959 1228 1038 1282 certe
1062 1224 1167 1299 etqui

163 1311 191 1368 ei
205 1309 329 1369 credunt
342 1306 460 1387 ecipuds
474 1325 650 1386 comprenso
663 1308 764 1371 moris
779 1312 933 1388 scripsisse
947 1315 1064 1388 poetam
1073 1308 1167 1369 nubes

98 1444 105 1457 .
163 1396 293 1475 lapidum
316 1397 445 1475 ferrique
469 1396 581 1456 similes
599 1397 717 1457 faciunt.
733 1398 836 1457 —his
855 1397 997 1476 exemplis
1015 1406 1048 1458 ut
1064 1401 1167 1477 paucis

162 1518 204 1527 -
233 1502 301 1544 nam
328 1484 403 1562 elegi
426 1517 468 1527 -
491 1487 532 1544 ita
555 1487 635 1565 satis,
659 1488 772 1566 opinor,
796 1485 953 1546 luculentis
976 1504 1022 1545 me
1046 1485 1167 1546 demon-

163 1581 273 1633 strasse
307 1590 407 1652 spero,
440 1581 564 1651 quantae
595 1575 627 1632 in
658 1573 795 1634 Lucretio
828 1573 873 1633 rel
907 1574 1088 1633 emendando
1120 1573 1167 1634 rel

163 1659 334 1738 explicando
362 1667 461 1738 partes
488 1668 589 1720 essent
613 1679 729 1737 rmum,
764 1680 888 1740 quarum
914 1669 1036 1740 propter
1065 1664 1167 1722 inven-

162 1751 274 1809 tionem
296 1749 442 1827 Epicurus
466 1750 528 1808 suis
551 1749 599 1808 dei
622 1752 715 1809 instar
738 1750 800 1810 luit.

251 1837 309 1896 Sed
336 1854 373 1896 ne
401 1839 433 1896 in
461 1838 503 1896 eis
531 1837 662 1917 quidem,
690 1856 764 1916 quae
790 1836 879 1898 rebus
903 1839 974 1897 satis
997 1836 1168 1916 patentibus

162 1932 212 1985 aut
244 1944 280 1984 ex
312 1926 524 1985 sententiarum
555 1927 668 1985 ratione
697 1934 726 1986 et
754 1944 867 1985 conexu
894 1933 943 1985 aut
973 1943 1008 1984 ex
1036 1927 1169 1985 universi

163 2015 309 2072 sermonis
323 2013 408 2072 latini
422 2020 526 2072 natura
537 2021 567 2072 31
576 2012 673 2072 indole
684 2020 733 2073 aut
744 2032 779 2073 ex
789 2013 964 2074 elocutionis
974 2012 1167 2074 Lucretianae

161 2101 392 2180 proprietatibus
407 2100 561 2161 iudicanda
576 2109 667 2182 erant,
685 2119 745 2160 non
760 2109 790 2162 et
802 2101 1005 2161 Lachmannus
1020 2109 1050 2161 et
1064 2120 1168 2161 omnes

162 2191 329 2268 quicunque
348 2196 416 2268 post
428 2188 647 2249 Lachmannum
666 2191 697 2250 in
717 2208 751 2249 eo
771 2207 873 2268 campo
892 2191 918 2249 si
933 2189 1003 2268 quid
1017 2197 1168 2268 praestare

160 2296 315 2356 possemus
339 2279 453 2355 experti
477 2295 592 2357 sumus,
619 2279 790 2356 saepissime
814 2279 983 2337 erravimus.
1029 2277 1107 2356 quod
1131 2278 1167 2338 de

161 2383 209 2425 me
233 2366 351 2444 quidem
375 2364 570 2425 libentissime
588 2366 691 2425 fateor.
727 2383 796 2425 nam
815 2368 841 2425 si
858 2364 925 2443 plus
944 2371 1057 2443 septem
1075 2365 1168 2425 lustra

161 2455 192 2512 in
228 2454 275 2513 his
308 2453 414 2513 studiis
445 2461 577 2513 versatus
608 2471 669 2513 non
701 2452 805 2532 multa,
842 2471 915 2531 quae
948 2453 1019 2512 olim
1051 2456 1167 2531 excogi-

161 2548 283 2621 tassem,
319 2559 398 2600 nunc
430 2541 616 2621 obiecissem,
652 2560 699 2601 me
732 2541 806 2601 nihil
838 2541 977 2601 didicisse
1010 2541 1168 2601 dicendum

162 2635 232 2688 erat.
273 2646 311 2688 ne
335 2631 425 2706 igitur
449 2630 514 2707 quis
538 2631 677 2710 miretur,
704 2631 730 2688 si
753 2647 813 2689 non
834 2647 995 2708 paucarum
1018 2631 1167 2689 coniectu-

160 2734 261 2776 rarum
295 2735 311 2776 a
341 2734 389 2776 me
422 2724 488 2776 ante
520 2716 630 2776 multos
663 2735 755 2777 annos
787 2719 972 2777 inventarum
1005 2717 1053 2776 hic
1086 2735 1168 2777 men-

160 2807 272 2864 tionem
303 2806 434 2864 inveniet
465 2803 583 2864 nullam.
639 2824 674 2864 ex
707 2805 814 2884 quibus
846 2805 917 2865 alias
949 2804 1057 2884 abieci,
1089 2805 1167 2883 quod

162 2894 205 2952 eis
246 2892 319 2952 locis
359 2895 391 2952 in
431 2895 608 2971 optimorum
644 2892 787 2954 librorum
824 2894 882 2954 fide
918 2893 1167 2971 acquiescendum

161 2980 208 3039 die
224 2980 302 3040 diem
316 2981 439 3040 docente
454 2981 666 3062 intellexeram,
681 2981 761 3062 31133,
777 2981 855 3060 quod
869 2981 905 3041 ab
916 2980 982 3041 aliis
992 2983 1063 3041 viris
1073 2981 1169 3041 doctis

160 3067 283 3128 meliora
306 3077 423 3147 reperta
446 3068 588 3149 videbam,
612 3069 683 3130 alias
707 3070 844 3150 denique,
868 3069 946 3148 quod
965 3071 1028 3147 ipse
1047 3071 1169 3129 interim

161 3158 274 3234 aptiora
306 3157 341 3216 ad
374 3175 408 3217 ea
440 3176 514 3235 quae
548 3164 686 3236 corrupta
718 3166 802 3218 erant
835 3157 963 3218 sananda
990 3160 1168 3218 inveneram.

159 3261 256 3322 neque
284 3247 376 3322 magis
400 3245 430 3303 id
454 3247 591 3323 cuiquam
614 3246 801 3306 admirationi
824 3248 894 3326 erit,
923 3245 1000 3324 quod
1024 3245 1115 3306 multa
1138 3248 1170 3305 in

160 3332 311 3392 codicibus
330 3333 445 3413 tradita,
469 3352 542 3411 quae
562 3333 632 3392 olim
652 3341 735 3393 recte
754 3353 785 3394 se
805 3333 913 3394 habere
932 3334 978 3394 vel
998 3340 1078 3394 certe
1097 3334 1170 3394 ferri

158 3439 246 3499 posse
269 3428 412 3500 putaram,
435 3439 513 3481 nunc
536 3421 610 3481 ferri
632 3439 724 3500 posse
747 3439 834 3500 nego:
857 3422 935 3482 unde
955 3423 988 3482 lit
1011 3429 1052 3500 ut,
1075 3421 1171 3482 sicubi

145 3509 319 3566 emendatio
341 3508 428 3568 nulla
448 3515 554 3588 parata
578 3516 636 3592 est,
660 3511 757 3570 crucis
780 3512 897 3588 signum
920 3512 1102 3588 appingatur.
