2430 3878
519 200 546 256 V
969 195 1032 261 165

117 351 179 410 sire
203 348 281 426 quod
305 349 383 408 inter
407 366 438 408 se
462 346 572 407 bollum
595 346 729 407 silvestre
754 354 891 426 gerentes
981 365 1033 408 nes

116 435 253 497 hostibus
276 436 437 496 intulerant
459 438 556 515 ignem
579 435 746 495 formidinis
769 453 852 515 ergo,

72 533 103 584 25
116 528 178 586 sive
202 523 280 604 quod
302 524 418 584 inducti
439 530 536 584 terrae
558 522 688 584 bonitate
712 521 847 582 volebant

72 628 98 680 rc
117 612 249 694 pandere
271 630 358 690 agros
380 614 498 690 pinguis
522 618 551 672 et
573 630 680 691 pascua
703 611 827 671 reddere
850 627 933 690 rura,

119 703 181 762 sive
205 701 283 761 ieras
305 700 473 760 interficere
496 708 526 760 et
549 698 693 760 ditescere
715 699 837 778 praeda:

118 806 187 849 nam
210 788 293 848 fovea
316 795 403 866 atque
426 790 489 866 igni
509 790 592 866 prius
616 795 662 848 est
684 789 818 848 venarier
839 793 936 846 ortum
981 805 1035 847 noo

120 895 209 956 quam
230 878 345 956 saepire
368 876 461 955 plagis
485 875 591 936 saltum
614 874 794 954 canibusque
818 877 905 935 ciere.

72 972 106 1024 50
118 964 262 1044 quidquid
284 963 316 1024 id
339 970 397 1045 est,
420 982 603 1042 quacumque
627 982 643 1023 e
666 982 754 1025 carisa
775 964 927 1023 flammeus
946 961 1036 1022 ardor

72 1070 101 1120 ιο
119 1051 257 1114 horribili
278 1054 379 1113 sonitu
402 1050 488 1111 silvas
511 1051 650 1112 exederat
672 1051 738 1111 altis

120 1139 157 1202 ab
180 1139 329 1201 radicibus
352 1147 382 1200 et
404 1146 514 1200 terram
535 1146 708 1218 percoxerat
730 1141 805 1219 igni,

119 1227 256 1290 manabat
277 1230 361 1288 venis
384 1227 565 1288 ferventibus
588 1230 620 1288 in
641 1226 705 1288 loca
725 1234 822 1287 terroe
982 1246 1035 1289 nso

120 1335 247 1379 concava
269 1318 447 1377 conveniens
470 1317 585 1394 argenti
606 1317 687 1376 rivus
711 1323 741 1376 et
764 1317 841 1394 auri,

72 1412 105 1466 55
122 1407 201 1484 aeris
223 1407 294 1465 item
317 1411 347 1465 et
368 1403 489 1484 plumbi.
526 1422 600 1483 quae
624 1421 691 1464 cum
714 1409 851 1463 concreta
873 1401 1010 1463 videbant

72 1511 102 1561 45
121 1494 270 1574 posterius
293 1492 372 1552 claro
394 1495 427 1552 in
449 1500 528 1552 terra
551 1490 707 1570 splendere
731 1490 842 1572 colore,

120 1580 263 1642 tollebant
284 1580 377 1657 nitido
402 1582 480 1659 capti
501 1578 616 1659 levique
639 1578 753 1660 lepore,

122 1675 153 1730 et
175 1668 265 1730 simili
286 1668 410 1728 formata
432 1667 569 1729 videbant
592 1686 657 1728 esse
680 1667 774 1745 figura
984 1689 1036 1729 nco

123 1764 211 1836 atque
233 1755 403 1817 lacunarum
425 1756 543 1816 fuerant
564 1758 686 1833 vestigia
710 1758 825 1834 cuique.

71 1852 185 1906 cotum
206 1843 380 1923 penetrabat
402 1861 453 1904 eos
475 1862 563 1922 posse
585 1843 658 1904 baec
679 1842 836 1922 liquefacta
859 1842 955 1904 calore

72 1951 104 2000 50
124 1931 284 2013 quamlibet
305 1934 337 1991 in
359 1932 483 1992 formam
506 1938 535 1992 et
556 1931 662 1991 faciem
684 1932 842 1992 decurrere
865 1949 978 2012 rerum,

124 2027 154 2081 et
175 2037 313 2100 prorsum
336 2022 468 2098 quamvis
491 2022 522 2079 in
546 2027 630 2079 acuta
653 2037 687 2079 ac
709 2021 806 2079 tenvia
828 2037 915 2099 posse

123 2125 299 2169 mucronum
322 2107 391 2169 duci
412 2108 527 2185 fastigia
550 2107 752 2187 procudendo‚
985 2129 1036 2170 mss

123 2203 158 2257 ut
180 2195 238 2256 sibi
259 2194 318 2255 tela
340 2195 456 2276 darent,
480 2194 625 2273 silvasque
648 2201 681 2254 ut
704 2194 826 2254 caedere
848 2202 971 2273 possent

75 2291 111 2343 65
125 2286 336 2362 materiemque
359 2284 445 2343 domo
468 2282 565 2343 levare
588 2281 747 2343 acradere
770 2285 851 2360 tigna

72 2388 106 2440 55
125 2378 155 2432 et
176 2371 327 2432 terebrare
350 2374 439 2432 etiam
461 2390 495 2431 ac
517 2369 695 2451 pertundere
718 2388 830 2450 perque
852 2370 957 2431 forare.

124 2478 181 2520 nec
202 2462 299 2520 minus
322 2466 443 2538 argento
466 2459 563 2520 facere
584 2459 656 2519 haec
679 2476 809 2538 auroque
832 2458 973 2538 parabant

125 2565 213 2626 quam
234 2546 323 2607 validi
344 2550 472 2626 primum
495 2547 630 2607 violentis
652 2546 765 2607 viribus
788 2549 878 2608 aeris:
986 2569 1038 2609 nro

125 2637 316 2715 nequiquam,
339 2638 477 2713 quoniam
499 2635 621 2695 cedebat
643 2636 719 2695 victa
740 2641 871 2714 potestas

72 2730 180 2784 donec
201 2730 316 2803 poterat
337 2727 449 2803 pariter
470 2724 578 2783 durum
601 2724 725 2783 sufferre
749 2722 887 2784 laborem.

72 2828 107 2879 σο
124 2818 188 2872 tum
210 2811 267 2871 suit
288 2814 320 2871 in
341 2815 438 2890 pretio
460 2813 553 2889 magis
575 2827 640 2891 nes,
662 2829 826 2889 aurumque
848 2809 962 2871 iacebat

125 2906 247 2978 propter
268 2898 456 2960 inutilitatem
477 2898 577 2959 hebeti
599 2917 740 2959 mucrone
763 2905 909 2959 retusum:

124 3006 203 3049 nunc
212 2989 289 3048 iacet
298 3006 356 3069 aes,
366 3006 471 3048 aurum
481 2989 666 3048 insummum
674 2986 975 3047 suecessithonorem.
985 3007 1037 3049 reu

125 3077 170 3136 sic
191 3074 331 3136 volvenda
353 3083 432 3136 aetas
455 3082 614 3136 commutat
636 3082 769 3153 tempora
792 3093 900 3135 rerum.

72 3170 110 3223 75
127 3163 204 3242 quod
227 3164 284 3224 fuit
305 3166 337 3224 in
358 3166 468 3243 pretio,
490 3163 523 3224 tit
545 3162 625 3224 nullo
649 3162 776 3241 denique
799 3162 923 3244 honore3

72 3267 106 3318 65
125 3269 214 3330 porro
238 3250 315 3312 aliud
339 3251 471 3312 succedit
494 3257 523 3311 et
544 3268 561 3312 e
583 3251 799 3329 contemptibus
824 3252 896 3330 exit,

124 3342 215 3418 inque
238 3339 301 3399 dics
324 3343 416 3418 magis
439 3339 586 3418 adpetitur
608 3339 752 3417 floretque
776 3337 921 3417 repletum

125 3426 262 3489 laudibus
286 3435 316 3488 et
337 3430 442 3488 mirost
464 3426 596 3487 mortalis
620 3429 698 3487 inter
720 3426 840 3487 honore.
988 3449 1041 3488 noo

169 3515 254 3576 Nunc
276 3515 332 3575 tibi
354 3534 412 3596 quo
434 3522 520 3596 pacto
542 3515 617 3576 ferri
638 3523 746 3576 natura
765 3522 888 3595 reperta
