2430 3878
193 186 284 244 xxiv
556 186 837 243 PROLEGOMENA.

282 335 452 396 Proximum
484 343 544 416 ast,
579 343 613 396 ut
643 335 675 395 id
707 334 908 413 quaerendum
941 334 1075 394 videatur
1106 341 1136 394 et
1167 336 1211 394 in.

196 425 358 485 discrimen
386 423 540 503 agendum,
565 423 689 484 liceatne
717 441 785 482 eum
813 430 944 503 poetam,
967 424 1072 500 quiin
1095 440 1200 482 anaco-

196 512 287 573 luthis
313 518 344 573 ct
370 512 552 572 soloecismis
579 518 693 572 tantum
721 510 778 570 sibi
803 513 864 570 sive
887 513 1047 588 sumpserit
1070 513 1131 570 sive
1154 512 1200 570 in-

196 599 333 681 dulserit,
360 601 392 659 in
420 603 528 660 ceteris
550 598 653 680 rebus,
677 598 784 678 quibus
807 616 904 658 sermo
927 606 957 658 et
980 598 1106 659 elocutio
1130 617 1200 659 con-

195 690 319 768 tinetur,
352 690 384 749 iu
414 689 458 748 eis
494 688 559 747 dieo
596 705 670 766 quaa
707 687 742 748 ad
779 686 941 764 analogiam
972 689 1136 766 pertinent,
1167 690 1200 747 in

195 776 403 837 vocabulorum
426 794 483 836 usu
502 777 699 854 antiquorum,
721 792 864 835 novorum
886 775 1018 853 fictione,
1040 774 1200 835 13131113-

195 883 262 925 rum
289 881 357 926 cum
384 864 483 924 verbis
511 866 730 925 constructione
756 869 816 922 tam
844 865 976 941 angustis
1005 862 1113 923 tinibus
1141 865 1199 923 cir-

196 953 404 1033 cumscribere,
427 970 514 1031 quam
536 951 740 1013 Lachmannus
763 957 793 1011 et
815 953 867 1030 qui
889 953 918 1010 ei
940 950 1080 1030 pleraque
1103 951 1207 1013 credi·⁴

194 1041 315 1123 derunt,
342 1043 654 1120 circumscripserunt,
680 1046 726 1120 nt,
753 1057 828 1118 quae
855 1057 916 1099 non
942 1039 1009 1119 plus
1037 1038 1128 1100 semel
1152 1039 1205 1107 vel¹

194 1129 241 1190 bis
268 1131 299 1189 in
325 1131 465 1189 carminis
493 1129 529 1189 de
552 1147 652 1189 rerum
677 1134 780 1187 natura
804 1127 955 1188 codicibus
977 1128 1158 1207 legerentur,
1182 1146 1199 1188 a

194 1216 331 1278 Lucretio
354 1235 442 1297 posse
469 1217 600 1295 prolecta
627 1234 693 1276 esse
720 1221 869 1293 negarent.
914 1215 984 1294 quid
1012 1215 1078 1275 dico
1106 1216 1199 1276 semel

194 1306 241 1366 vel
258 1302 327 1366 bis?
358 1323 455 1366 nonne
473 1304 677 1364 Lachmanuus
698 1305 785 1364 etiam
805 1321 839 1364 ea
857 1305 988 1384 mutavit,
1007 1322 1081 1382 quae
1100 1306 1200 1364 sexies

194 1392 240 1453 vel
264 1394 374 1471 septies
397 1395 428 1452 in
451 1392 535 1452 libris
557 1410 646 1452 manu
669 1393 789 1469 scriptis
813 1398 912 1451 extare
930 1391 1052 1472 videret,
1074 1391 1198 1453 utillud

194 1481 234 1556 et,
256 1480 308 1540 311
330 1488 410 1540 33331
432 1478 525 1542 dium
543 1512 586 1522 —
605 1480 640 1540 el.
658 1478 729 1539 Poll.
747 1478 847 1558 philol.
869 1479 959 1539 XXVI
973 1476 1036 1540 299
1056 1513 1108 1561 —‚
1126 1483 1198 1540 item

194 1566 419 1650 interutrasque
436 1601 478 1610 -
496 1586 522 1628 v.
540 1567 696 1628 Bucheleri
716 1566 847 1627 libellum
869 1567 1060 1627 utilissimum
1083 1570 1136 1646 qui
1152 1571 1198 1628 in-

195 1657 336 1717 scribitur
354 1653 531 1716 ε(1131311133
553 1656 606 1716 der
624 1654 817 1715 lateinischen
834 1651 1032 1716 Declination'
1049 1674 1077 1734 p.
1092 1653 1135 1716 32
1154 1690 1196 1699 -

195 1744 273 1822 quod
301 1747 412 1822 septies
438 1746 561 1804 13313111
587 1747 619 1803 13
645 1741 853 1821 contuituque
875 1776 927 1824 -‚
956 1762 1052 1823 neque
1074 1745 1198 1805 meliore

194 1835 259 1893 iura
283 1829 401 1912 fulgere
427 1839 457 1893 et
482 1850 556 1911 quae
579 1831 614 1891 ab
638 1849 673 1891 eo
695 1832 840 1891 infinitivo
867 1832 1016 1892 ducuntur
1042 1832 1198 1913 damnarit,

194 1939 220 1981 v.
242 1920 313 1981 Poll.
337 1921 355 1981 l.
378 1940 402 1982 c.
429 1938 457 1999 p.
481 1917 547 1981 295
561 1938 603 1998 sq.
648 1919 745 1980 Minus
772 1922 920 1998 putaverit
944 1923 1011 1999 quis
1034 1923 1198 1999 suspicioni

195 2008 321 2069 obnoxia
338 2008 437 2069 futura
460 2009 551 2068 fuisse
573 2026 647 2067 nova
665 2007 715 2068 illa
732 2006 821 2068 verba
840 2007 946 2086 quibus
964 2007 1119 2069 Lucretius
1137 2027 1198 2069 non

194 2099 297 2177 paucis
315 2099 360 2158 uti
378 2114 467 2157 ausus
487 2103 540 2157 est.
576 2113 643 2157 nam
666 2098 730 2175 ipse
753 2095 902 2175 praelatus
925 2103 988 2156 erat
1004 2096 1096 2157 multa
1114 2100 1198 2158 novis

194 2185 293 2246 verbis
316 2184 373 2245 sibi
396 2185 541 2264 agendum
564 2202 638 2245 esse.
675 2183 727 2244 sed
747 2202 785 2245 ne
803 2186 835 2244 in
857 2184 904 2244 his
927 2185 1045 2262 quidem
1068 2185 1199 2246 editores

197 2276 293 2333 omnia
315 2275 427 2352 pariter
449 2272 588 2333 tulerunt.
633 2290 693 2333 non
718 2279 870 2333 tentarunt
892 2270 1045 2350 differitas
1066 2272 1103 2332 lV
1123 2271 1198 2354 619,

192 2358 343 2440 pestilitas
370 2357 529 2441 v11089,
557 2357 641 2421 1123
674 2368 704 2421 31
734 2360 790 2421 3113
821 2360 973 2440 nonnulla,
1005 2378 1078 2439 quae
1108 2361 1198 2422 latina

194 2467 254 2509 non
277 2455 359 2529 sunt,
382 2446 528 2523 1111331113,
556 2448 634 2527 quod
655 2443 753 2509 1454
775 2455 821 2508 est
843 2450 874 2507 in
897 2448 1056 2530 codicibus,
1079 2448 1197 2510 damna-

193 2543 308 2617 verunt,
326 2535 406 2614 quod
420 2536 543 2596 latinum
557 2554 617 2595 non
630 2543 717 2596 esset.
751 2544 780 2596 et
793 2543 891 2595 tamen
905 2539 1033 2614 graviter
1045 2545 1200 2616 peccasset

194 2623 359 2704 lucretius,
381 2626 409 2684 si
426 2623 466 2704 id,
489 2623 567 2702 quod
585 2626 651 2684 eius
669 2624 747 2702 quod
765 2626 852 2686 inane
870 2632 991 2685 vocatur
1009 2627 1198 2686 coniunctum

195 2719 253 2793 est,
276 2718 306 2773 et
333 2712 376 2793 id,
404 2712 482 2790 quod
510 2714 644 2792 corporis
666 2730 821 2773 commune
849 2719 896 2773 est
921 2715 1123 2795 coniunctum,
1148 2714 1198 2774 hic

195 2800 312 2861 silentio
348 2802 546 2878 praeterisset
601 2806 733 2878 poteram
768 2800 815 2861 his
852 2800 907 2861 alia
938 2801 1074 2862 licentiae
1105 2801 1198 2863 Lach-

193 2890 366 2948 manniauae
388 2890 420 2948 iu
443 2887 641 2966 singularibus
664 2889 836 2949 damnandis
881 2892 1041 2968 grassantis
1064 2890 1198 2969 exempla

194 2975 315 3056 addere,
343 2976 395 3036 sed
423 2978 494 3037 satis
521 2979 579 3036 erit
605 2975 719 3055 reliqua
742 2995 796 3036 suo
819 2979 945 3057 quicque
969 2977 1032 3038 loco
1055 2981 1198 3058 tetigisse.

282 3063 349 3124 Dixi
376 3081 465 3142 supra
491 3063 528 3125 de
556 3082 658 3124 eorum
686 3083 802 3146 errore,
829 3068 880 3144 qui
902 3083 1021 3132 carmen
1047 3065 1198 3127 Lucretia-

194 3169 265 3212 num
301 3152 435 3212 uersibus
470 3150 505 3212 ab
537 3151 707 3213 hominibus
737 3152 785 3213 vel
819 3154 1011 3214 irridentibus
1042 3154 1088 3214 vel
1122 3154 1198 3216 male

194 3239 305 3301 sedulis
332 3240 409 3300 fietis
437 3243 666 3300 contaminatum
693 3241 802 3302 uolunt.
848 3243 898 3302 cui
918 3244 1003 3323 vitio,
1026 3243 1117 3322 quod,
1139 3246 1199 3304 nisi

193 3324 399 3408 1311311993,
421 3346 489 3387 nam
512 3327 554 3387 ibi
576 3346 625 3388 res
647 3329 679 3388 in
702 3328 791 3388 dubio
814 3336 868 3410 est,
893 3348 1038 3409 nusquam
1060 3334 1199 3412 occurrit,

193 3415 267 3476 illud
290 3417 471 3477 contrarium
494 3424 549 3497 331,
571 3416 650 3494 qnod
673 3423 724 3477 331
745 3419 889 3495 temporis
907 3420 1016 3479 iniuria
1034 3421 1198 3497 scripturae

173 3511 303 3576 partem
338 3502 466 3564 delentis
498 3512 549 3564 aut
579 3503 764 3584 neglegentia
792 3505 902 3567 laetum
929 3513 976 3567 est
1001 3506 1198 3570 librariorum.
