2430 3878
534 208 573 263 VI
994 144 1064 274 κ205

142 356 289 434 lanigeras
310 363 460 436 tamquam
482 357 612 436 pecudes
635 364 665 418 et
687 357 797 418 bucera
820 357 924 419 saecla.
1011 380 1063 421 reas

53 450 129 502 1235
143 445 232 523 idque
255 443 302 504 vel
323 447 355 504 in
378 446 484 525 primis
507 444 674 507 cumulabat
696 445 800 506 funere
822 447 920 507 funus.
959 493 962 497 .
1010 470 1062 510 nor

55 549 124 598 1230
142 551 210 593 nam
234 535 413 613 quicumque
437 551 507 593 suos
529 533 693 612 fugitabant
714 536 812 594 visere
835 535 871 595 ad
894 551 1011 616 aegros,

143 623 213 681 vitai
235 623 360 682 nimium
382 620 506 700 cupidos
528 624 693 700 mortisque
716 625 851 683 timentis

142 708 283 789 poenibat
303 709 391 790 paulo
413 717 482 790 post
503 712 585 790 turpi
606 718 702 771 morte
724 712 872 792 malaque,
1011 733 1064 774 1240

144 798 291 878 desertoS,
314 800 379 877 opis
403 800 546 878 expertis,
568 800 684 859 incuria
705 806 845 860 mactans.

54 893 128 944 1245
145 888 195 965 qui
218 886 335 948 lucrant
357 893 456 946 autem
477 894 608 968 praesto,
632 886 804 967 contagibus
827 887 910 948 ibant

57 991 126 1041 1235
145 982 232 1053 atque
255 974 369 1055 labore,
391 975 488 1055 pudor
510 993 599 1054 quem
621 982 684 1035 tum
707 975 829 1054 cogebat
853 975 936 1036 obire

143 1062 308 1143 blandaque
331 1062 476 1123 lassorum
499 1081 554 1123 vor
576 1065 668 1124 mixta
689 1081 761 1124 voce
785 1063 941 1143 querellae.
1010 1088 1064 1128 1244
1144 1087 1145 1090 ¹

145 1154 273 1230 optimus
295 1151 352 1211 hoc
374 1151 427 1212 leti
450 1169 543 1230 genus
566 1170 636 1231 ergo
660 1155 786 1232 quisque
809 1151 934 1213 subibat.
1011 1176 1063 1216 aare

551 1260 569 1297 *

56 1335 132 1387 1245
145 1332 235 1407 inque
258 1328 323 1388 aliis
347 1328 436 1389 alium
458 1328 599 1407 populum
622 1328 748 1408 sepelire
771 1346 893 1389 suorum

146 1424 305 1477 certantes:
328 1416 459 1478 lacrimis
481 1417 553 1477 lassi
574 1415 714 1496 luctuque
737 1417 886 1478 redibant:

56 1522 127 1571 1240
145 1505 214 1566 inde
237 1504 345 1565 bonam
366 1512 481 1584 partem
502 1507 534 1566 iu
556 1504 665 1566 lectum
687 1523 821 1566 maerore
845 1505 997 1566 dabantur.

145 1613 200 1654 neo
214 1600 330 1672 poterat
344 1596 499 1673 quisquam
512 1596 648 1674 reperiri,
663 1612 752 1672 quem
765 1612 861 1673 neque
875 1592 998 1654 morbus
1010 1615 1063 1656 noo

146 1701 200 1742 neo
223 1700 303 1742 mors
326 1700 382 1742 neo
404 1681 501 1742 luctus
523 1689 681 1761 temptaret
702 1690 835 1761 tempore
858 1681 918 1742 tali.

58 1778 134 1829 1250
191 1769 347 1831 Praeterea
369 1772 428 1830 iam
450 1777 551 1849 pastor
573 1778 603 1830 et
625 1773 820 1831 armentarius
844 1772 940 1831 omnis

147 1866 176 1920 et
198 1857 338 1919 robustus
360 1860 432 1918 item
455 1860 538 1919 curvi
560 1858 728 1919 moderator
750 1861 840 1919 aratri

59 1961 128 2012 1245
146 1946 315 2027 languebat,
337 1949 515 2026 penitusque
539 1965 606 2006 casa
629 1955 767 2007 contrusa
789 1945 924 2007 iacebant

147 2053 271 2114 corpora
292 2041 464 2114 paupertate
489 2041 518 2094 et
539 2035 643 2094 morbo
666 2035 764 2095 dedita
786 2037 883 2095 morti.
1011 2056 1062 2098 noo

148 2125 290 2184 exanimis
312 2125 415 2202 pueris
438 2141 528 2201 super
551 2125 714 2184 exanimata
735 2131 891 2202 parentum

59 2219 134 2272 1255
147 2229 270 2291 corpora
292 2229 512 2289 nonnumquam
535 2229 639 2290 posses
661 2218 800 2290 retroque
823 2211 933 2271 videre.

148 2300 291 2361 matribus
315 2307 345 2360 et
365 2299 499 2378 patribus
521 2305 606 2360 natos
629 2318 719 2378 super
743 2299 830 2359 edere
852 2301 950 2358 vitam.

60 2406 129 2456 1250
147 2408 203 2450 nec
225 2390 376 2448 minimam
399 2394 514 2466 partem
536 2406 573 2448 ex
596 2391 673 2466 agris
695 2390 722 2447 is
745 2405 862 2447 maeror
884 2389 915 2448 in
939 2385 1043 2448 urbem

149 2477 301 2558 confluxit,
323 2476 467 2555 languens
490 2494 578 2555 quem
601 2475 725 2537 contulit
748 2476 942 2555 agricolarum
1011 2498 1065 2539 mco

149 2567 231 2643 copia
254 2567 432 2626 conveniens
455 2583 492 2625 ex
515 2566 595 2625 omni
616 2564 750 2624 morbida
772 2570 864 2643 parte.

60 2660 134 2714 1250
148 2655 245 2713 omnia
267 2653 443 2732 conplebant
464 2652 529 2713 loca
550 2660 699 2734 tectaque3
723 2670 780 2731 quo
804 2654 897 2731 magis
920 2659 1019 2713 aestus

553 2759 572 2799 a

148 2829 296 2889 confertos
318 2831 359 2889 ita
381 2832 539 2890 acervatim
560 2848 641 2890 mors
664 2828 873 2890 accumulabat.

62 2892 132 2985 mab
149 2915 240 2978 multa
264 2918 313 2977 siti
335 2924 482 2995 protracta
504 2920 582 2977 viam
604 2936 659 2996 per
680 2935 793 2997 proque
816 2916 914 2977 voluta

149 3023 272 3084 corpora
296 3005 404 3065 silanos
428 3005 464 3065 ad
487 3024 629 3085 aquarum
653 3013 743 3066 strata
765 3004 901 3066 iacebant
1013 3026 1064 3068 1265

148 3094 309 3155 interclusa
333 3095 429 3153 anima
452 3095 542 3154 nimia
565 3092 601 3154 ab
625 3093 779 3155 dulcedine
803 3112 959 3175 aquarum,

61 3191 136 3243 1265
150 3183 299 3261 multaque
322 3199 376 3260 per
398 3182 499 3260 populi
521 3185 633 3261 passim
655 3181 719 3243 loca
741 3188 877 3262 prompta
899 3184 1020 3261 viasque

148 3271 285 3350 languida
308 3272 468 3329 semanimo
492 3288 560 3331 cum
583 3289 706 3350 corpore
728 3270 861 3331 membra
883 3270 999 3330 videres

60 3378 130 3428 1260
148 3360 268 3420 horrida
290 3358 417 3438 paedore
441 3365 470 3418 et
491 3361 597 3437 pannis
621 3365 758 3438 cooperta
780 3361 894 3439 perire,

149 3441 159 3531 ll
173 3450 304 3527 corporis
327 3446 449 3528 inluvie,
472 3447 543 3525 pelli
566 3465 655 3526 super
679 3446 795 3507 ossibus
818 3465 889 3526 tina,
906 3443 917 3525 11
1014 3471 1067 3510 nro

150 3535 298 3596 ulceribus
321 3538 423 3597 taetris
445 3553 538 3617 prope
561 3538 622 3596 iam
644 3535 787 3616 sordique
808 3534 940 3614 sepulta„
994 3558 1005 3573 ¹
