2430 3878
591 188 616 243 V

169 329 320 411 flabraque
343 340 499 394 ventorum
520 334 648 396 violento
671 334 790 395 turbine
813 342 926 396 vexant.

170 427 325 499 praeterea
347 439 441 499 genus
464 422 644 483 horriferum
665 429 770 484 natura
792 422 921 483 lerarum

171 508 316 569 humanae
339 512 420 588 genti
442 511 583 571 infestum
604 518 742 590 terraque
764 512 898 589 marique

99 612 153 662 212
172 614 226 657 cur
248 596 300 657 alit
323 603 410 676 atque
433 595 541 677 auget?
577 617 629 659 cur
652 601 722 659 anni
744 606 877 678 tempora
899 599 1018 660 morbos
1064 622 1104 668 112

99 699 155 752 221
171 681 346 763 adportant?
383 704 472 764 quare
495 705 576 747 mors
598 689 744 747 inmatura
767 683 909 766 vagatur?

171 780 236 833 tum
256 775 346 852 porro
368 792 456 856 puer,
478 781 512 835 ut
534 777 629 836 saevis
651 777 801 854 proiectus
824 774 969 836 abundis

172 862 282 942 navita,
305 860 402 921 nudus
424 862 507 923 humi
529 865 617 944 iacet,
640 865 751 945 infans,
774 863 892 942 indigus
916 866 997 924 omni

172 948 254 1010 vitali
276 948 398 1031 auxilio,
421 969 488 1011 oum
510 953 640 1030 primum
661 954 693 1011 12
715 951 837 1012 luminis
860 969 927 1013 oras

100 1052 154 1119 212
172 1037 292 1098 nixibus
315 1056 351 1098 cx
374 1038 437 1098 alvo
460 1041 562 1100 matris
585 1046 689 1100 natura
710 1038 854 1120 proludit,
1064 1059 1104 1102 112

100 1127 329 1204 226123112222
352 1125 450 1188 122221
471 1127 590 1206 lugubri
613 1127 752 1208 complet,
774 1135 808 1187 ut
831 1134 986 1206 aequumst

174 1216 223 1275 cui
244 1220 359 1275 tautum
380 1217 411 1275 12
433 1218 492 1276 vita
514 1222 606 1276 restet
628 1218 755 1276 transire
778 1215 930 1276 malorum.

174 1309 204 1363 at
225 1304 322 1362 variae
346 1310 483 1364 crescunt
504 1303 633 1383 pecudes
656 1309 788 1364 armenta
810 1304 962 1384 feraeque,

173 1407 229 1450 neo
251 1390 439 1469 crepitacillis
462 1410 535 1471 opus
559 1398 618 1472 est,
640 1410 696 1452 nec
719 1394 856 1471 cuiquam
879 1391 1071 1453 adhibendast

101 1493 155 1542 222
174 1477 266 1539 211222
289 1481 414 1539 nutricis
435 1479 541 1540 blanda
563 1485 650 1559 atque
672 1480 796 1541 inlracta
818 1479 957 1561 loquella,
1066 1503 1104 1542 112

100 1581 230 1632 231222
252 1568 346 1626 varias
369 1574 515 1646 quaerunt
536 1574 632 1628 vestes
655 1586 709 1646 pro
731 1574 865 1647 tempore
889 1568 975 1649 caeli,

174 1653 301 1732 denique
323 1672 384 1714 222
406 1657 496 1716 armis
519 1673 593 1735 opus
617 1663 674 1736 est,
696 1674 757 1716 non
778 1656 934 1717 moenibus
957 1655 1036 1738 altis,

175 1743 241 1820 quis
265 1760 318 1802 sua
339 1749 486 1824 tutentur,
509 1743 625 1822 quando
649 1744 786 1805 omnibus
809 1747 906 1805 omnia
928 1744 1008 1823 large

174 1829 263 1890 tellus
285 1832 350 1909 ipsa
371 1833 449 1910 parit
471 1838 632 1910 naturaque
656 1832 776 1893 daedala
798 1842 907 1894 rerum.

102 1933 156 1984 225
217 1917 366 1998 Principio
389 1921 527 1998 quoniam
549 1922 640 1980 terrai
662 1938 770 1999 corpus
792 1927 822 1980 et
843 1938 929 1982 umor
1065 1940 1105 1982 222

102 2021 161 2074 236
173 2024 369 2085 aurarumque
392 2005 471 2067 leves
494 2009 607 2068 animae
631 2007 776 2086 calidique
798 2027 934 2089 vapores,

174 2112 191 2154 e
215 2094 322 2172 quibus
345 2094 418 2155 haec
439 2113 540 2156 rerum
563 2097 726 2156 consistere
750 2113 864 2156 summa
886 2096 1015 2176 videtur,
1085 2153 1090 2162 .

175 2184 273 2242 omnia
295 2185 392 2242 nativo
416 2201 450 2243 ac
467 2182 585 2244 mortali
607 2201 730 2261 corpore
754 2191 901 2265 constant,

175 2269 262 2330 debet
285 2270 389 2332 codem
412 2273 507 2332 omnis
529 2271 634 2331 mundi
655 2278 760 2331 natura
781 2273 888 2350 putari.

103 2373 156 2422 230
176 2360 284 2438 quippe
307 2361 429 2440 etenim,
453 2377 578 2438 quorum
599 2361 692 2437 partis
716 2365 746 2419 et
767 2357 899 2419 membra
918 2357 1106 2421 videmusne

102 2461 297 2526 24100rporc
320 2449 418 2509 nativo
442 2466 476 2508 ao
497 2446 670 2508 mortalibus
693 2465 759 2508 esse
782 2448 898 2527 figuris,

174 2535 247 2595 haec
269 2535 372 2596 eadem
393 2536 485 2597 ferme
509 2534 642 2596 mortalia
665 2538 815 2596 cernimus
839 2553 905 2596 esse

176 2629 206 2682 et
226 2625 323 2683 nativa
346 2623 441 2684 simul.
479 2631 657 2704 quapropter
678 2626 805 2685 maxima
827 2623 931 2684 mundi

174 2729 242 2771 cum
264 2711 378 2771 videam
399 2711 531 2773 membra
553 2731 587 2773 22
608 2714 702 2792 partis
725 2719 898 2791 consumpta
920 2712 1048 2790 regigni,

103 2800 253 2864 23222112
275 2798 344 2861 licet
366 2799 441 2860 caeli
463 2819 578 2880 quoque
600 2802 673 2860 item
694 2806 850 2878 terraeque
873 2800 965 2859 luisse
1067 2819 1106 2860 122

103 2901 161 2954 246
172 2887 346 2966 principiale
369 2887 486 2966 aliquod
507 2896 624 2967 tempus
647 2887 817 2965 clademque
840 2887 977 2946 futuram.

217 2973 292 3036 Illud
315 2977 347 3035 in
368 2975 416 3035 his
439 2975 527 3036 rebus
549 2995 587 3036 ne
611 2977 791 3054 corripuisse
814 2975 907 3035 rearis

174 3081 222 3123 me
244 3063 332 3144 mihi,
354 3063 432 3143 quod
455 3070 565 3124 terram
587 3071 674 3142 atque
697 3065 797 3141 ignem
818 3061 952 3122 mortalia
975 3062 1088 3139 sumpsi

175 3169 254 3232 esse,
278 3169 374 3230 neque
397 3169 530 3212 umorem
554 3151 683 3212 dubitavi
706 3168 850 3229 aurasque
873 3151 985 3231 perire,

103 3254 156 3304 242
175 3245 262 3319 atque
286 3239 388 3300 eadem
410 3241 491 3318 gigni
513 3257 675 3319 rursusque
700 3257 858 3317 augescere
882 3238 955 3299 dixi:
1068 3259 1108 3302 122

101 3342 159 3394 251
173 3329 320 3406 principio
343 3346 411 3406 pars
434 3329 525 3388 terrai
548 3327 699 3408 nonnulla,
722 3334 843 3407 perusta

176 3414 287 3476 solibus
310 3415 453 3497 adsiduis,
476 3415 567 3476 multa
589 3414 703 3495 pulsata
725 3415 835 3495 pedum
857 3417 899 3496 vi,

173 3503 304 3582 pulveris
328 3504 442 3565 exhalat
463 3503 601 3565 nebulam
624 3503 776 3584 nubesque
800 3503 941 3583 volantis,
