2430 3878
587 193 614 249 V

98 348 222 403 esseut
245 343 313 420 quia
336 340 380 401 sol
402 341 495 422 idem,
518 342 572 402 sub
595 350 691 403 terras
714 340 763 401 1116
786 347 951 422 revertens,

172 432 313 508 anticipat
335 428 447 490 caelum
470 430 561 491 radiis
585 429 745 499 accendere
769 436 928 509 temptans,

172 525 223 579 aut
245 520 313 597 quia
337 520 515 580 conveniunt
536 521 620 596 ignes
643 526 673 578 et
695 519 806 578 semina
829 517 921 578 multa
1063 536 1103 578 666

172 606 321 667 confluere
344 605 458 666 ardoris
482 613 663 668 consuerunt
684 613 817 685 tempore
840 612 934 685 certo,

100 712 154 762 666
173 712 248 774 quae
271 694 382 756 faciunt
406 694 476 755 solis
498 714 572 757 nova
595 712 712 773 semper
733 693 845 754 lumina
867 694 960 772 gigni:

100 782 251 862 661quod
273 800 366 861 genus
388 781 482 844 idaeis
504 785 609 844 famast
630 801 646 843 e
670 781 819 843 montibus
841 781 908 842 altis

173 871 323 951 dispersos
345 872 423 949 ignis
446 874 554 961 orienti
574 871 686 932 lumine
709 873 805 951 cerni,

173 959 242 1020 inde
256 960 336 1020 coire
352 958 470 1038 globum
485 962 569 1039 quasi
583 962 615 1020 in
629 979 721 1020 unum
734 966 765 1020 et
777 959 922 1020 conficere
937 956 1047 1018 orbem.
1063 978 1104 1019 ses
1122 988 1124 993 ·

173 1065 229 1109 666
250 1054 349 1108 tamen
371 1047 443 1108 illud
466 1050 498 1108 in
519 1049 566 1108 bis
587 1048 678 1109 rebus
700 1047 833 1108 mirabile
858 1045 945 1106 debet

102 1153 156 1204 666
174 1154 253 1216 6666,
277 1135 354 1215 quod
376 1135 449 1197 baec
471 1138 548 1215 ignis
570 1143 630 1196 tam
653 1143 733 1196 certo
755 1143 889 1214 tempore
911 1140 1037 1212 possunt

103 1233 161 1284 666
174 1225 287 1285 semina
309 1223 458 1285 confluere
481 1230 511 1284 et
533 1223 604 1284 solis
626 1241 763 1302 reparare
786 1225 921 1283 nitorem.

175 1311 266 1373 multa
288 1312 421 1372 videmus
444 1314 536 1392 enim,
559 1319 639 1372 certo
663 1330 737 1390 quae
759 1318 892 1390 tempore
915 1310 990 1371 fiunt

175 1399 312 1462 omnibus
334 1402 365 1460 16
387 1400 485 1461 rebus.
521 1400 682 1461 florescunt
703 1407 836 1478 tempore
858 1405 940 1459 certo
1065 1420 1104 1461 66

176 1489 295 1549 arbusta
317 1495 347 1549 et
369 1497 450 1549 certo
473 1488 626 1549 dimittunt
647 1496 779 1567 tempore
802 1487 919 1548 florem:

104 1594 232 1645 asenec
254 1579 352 1637 minus
375 1578 406 1636 16
429 1584 510 1637 certo
534 1576 637 1637 dentes
660 1576 764 1637 cadere
787 1578 913 1654 imperat
929 1582 1014 1636 aetas

104 1672 308 1743 671tempore
331 1672 362 1725 et
383 1664 523 1743 inpubem
546 1663 627 1725 molli
650 1664 811 1743 pubescere
833 1670 915 1724 veste

178 1760 207 1814 et
228 1755 340 1832 pariter
361 1752 479 1813 mollem
502 1753 587 1813 malis
609 1752 764 1814 demittere
786 1751 920 1813 barbam:

177 1840 299 1902 fulmina
321 1848 483 1922 postremo,
505 1843 569 1921 nix,
592 1840 716 1922 imbres,
737 1840 849 1922 nubila,
872 1841 965 1921 venti,
1066 1861 1107 1900 eu

178 1947 237 1990 666
258 1931 348 1989 nimis
370 1931 492 1991 incertis
514 1929 589 1989 fiunt
611 1931 642 1989 in
665 1928 798 2008 partibus
820 1931 897 1989 anui.

106 2036 159 2086 666
178 2035 304 2096 namque
326 2016 379 2078 ubi
401 2019 444 2077 sic
467 2018 586 2077 fuerunt
609 2034 763 2077 causarum
786 2017 905 2076 exordia
927 2017 1022 2094 prima

106 2114 164 2167 676
178 2114 265 2184 atque
288 2106 327 2164 ita
350 2123 399 2166 res
422 2105 524 2165 mundi
547 2105 681 2166 cecidere
704 2104 739 2164 ab
763 2105 876 2181 origine
899 2105 1006 2184 prima,

179 2211 322 2254 66666666
345 2210 462 2271 666666
485 2195 543 2253 iam
565 2192 690 2253 redeunt
712 2211 749 2252 ex
771 2191 874 2252 ordine
897 2198 987 2252 certo.

223 2280 364 2342 Crescere
386 2283 515 2359 itemque
540 2280 603 2340 dies
625 2280 696 2340 licet
717 2287 747 2340 et
768 2278 920 2341 tabescere
943 2284 1108 2359 nocteque

179 2377 210 2431 61
230 2371 326 2429 minui
346 2369 441 2449 luces,
464 2387 531 2429 cum
554 2375 670 2429 sumant
693 2369 828 2447 augmina
850 2375 966 2448 noctes,

107 2457 386 2536 6166616616661
409 2457 487 2517 idem
511 2456 565 2517 sub
588 2464 683 2517 terras
706 2463 794 2534 atque
817 2473 945 2536 superne

108 2555 161 2607 681
179 2545 341 2625 imparibus
364 2564 486 2607 currens
509 2545 699 2606 amfractibus
722 2545 850 2606 aetheris
873 2563 940 2606 oras

178 2636 269 2715 partit
290 2640 320 2695 61
342 2634 374 2694 16
395 2636 488 2712 partis
510 2651 570 2694 nou
592 2651 701 2711 aequas
724 2632 829 2694 dividit
851 2633 967 2714 orbem,

181 2728 211 2783 et
233 2721 310 2801 quod
333 2721 369 2781 ab
392 2721 531 2782 alterutra
553 2721 680 2783 detraxit
701 2728 798 2802 parte,
820 2724 937 2800 reponit
1069 2741 1109 2784 666

180 2812 297 2871 616616
319 2809 441 2870 adversa
461 2817 542 2871 tanto
566 2809 632 2889 plus
654 2817 737 2888 parte
761 2809 885 2889 relatus,

109 2915 161 2966 676
180 2898 274 2959 (16666
296 2898 332 2958 ad
355 2897 385 2957 id
409 2899 525 2975 signum
548 2897 623 2958 caeli
644 2900 790 2978 pervenit,
812 2896 864 2956 ubi
888 2898 958 2956 6661

109 2994 166 3046 666
180 2986 276 3047 nodus
298 2994 456 3047 nocturnas
479 2993 622 3065 exaequat
643 2985 759 3046 lucibus
781 2984 914 3045 umbras:

181 3093 249 3136 nam
271 3073 368 3135 medio
391 3093 481 3135 cursu
503 3075 588 3135 flatus
612 3073 758 3152 aquilonis
781 3080 811 3133 et
833 3075 926 3133 austri

180 3163 302 3224 distinet
325 3170 447 3241 aequato
471 3162 545 3223 caeli
568 3163 738 3223 discrimine
761 3167 868 3242 metaS,

180 3258 301 3331 propter
324 3252 459 3330 signiferi
481 3252 643 3330 posituram
666 3253 757 3311 totius
781 3249 862 3309 orbis

110 3357 162 3406 666
181 3339 306 3421 obliqui,
331 3346 427 3400 terras
450 3346 480 3399 et
502 3338 616 3399 caelum
638 3339 748 3401 lumine
772 3337 900 3399 lustrans

109 3435 163 3486 691
181 3446 277 3489 annua
301 3426 345 3488 sol
367 3429 399 3487 in
422 3446 480 3506 quo
504 3427 652 3488 concludit
674 3435 807 3506 tempora
830 3443 965 3506 serpens,

181 3524 215 3578 ut
236 3518 312 3577 ratio
335 3515 464 3576 declarat
487 3533 590 3577 eorum
613 3518 665 3600 qui
685 3515 752 3577 loca
772 3513 850 3577 caeli
