2430 3878
603 187 616 241 1

197 335 281 412 copia
304 334 431 394 serretur
453 351 592 412 magnum
613 351 668 412 per
689 335 775 393 inane
799 333 905 415 solnta,

198 425 260 483 sive
282 422 355 483 adeo
378 423 477 501 potius
499 439 660 500 numquam
682 428 819 482 concreta
841 428 971 482 creasset

109 511 285 572 1020ullam
308 528 384 590 rem,
407 511 545 589 quoniam
568 511 634 588 cogi
656 509 778 569 disiecta
799 512 959 588 nequisset.
1058 523 1111 564 roso

109 606 265 660 1010110111
289 606 369 659 certe
391 616 488 678 neque
510 597 632 658 consilio
655 597 816 675 primordia
838 616 938 658 rerum

199 687 301 747 ordine
325 703 358 748 se
380 703 434 746 suo
457 703 590 765 quaeque
614 687 711 762 sagaci
732 693 830 746 mente
854 685 987 746 locarunt

198 793 253 836 nec
276 792 350 853 quos
374 791 505 852 quaeque
529 773 633 834 darent
654 779 751 834 motus
773 775 911 852 pepigere
933 773 1079 852 proiecto,

199 862 343 940 sed-quia
365 862 455 922 multa
478 862 573 921 modis
596 860 696 921 multis
719 868 829 922 mutata
850 879 905 940 per
928 879 1013 921 omne

111 957 185 1011 1025
197 968 234 1012 01
256 950 372 1011 infinito
394 956 536 1010 vexantur
558 950 670 1028 percita
692 948 798 1029 plagis,
1059 960 1111 1002 rora

109 1045 286 1100 1000001110
308 1055 402 1117 genus
424 1044 522 1098 motus
545 1044 575 1096 et
597 1043 697 1097 coetus
721 1036 900 1115 experiundo

199 1126 317 1187 tandem
340 1126 499 1186 deveniunt
521 1127 552 1185 in
575 1124 641 1185 talis
665 1124 871 1206 disposituras,

201 1214 335 1294 qualibus
358 1213 430 1274 haec
452 1231 553 1274 rerum
575 1214 711 1273 consistit
733 1231 845 1273 summa
868 1219 977 1293 creata,

149 1339 156 1352 ·
200 1309 231 1363 et
252 1301 361 1363 multos
384 1303 472 1362 etiam
494 1319 615 1380 magnos
638 1307 752 1362 servata
772 1319 827 1380 per
849 1319 941 1362 annos

112 1397 186 1452 1030
198 1397 232 1453 ut
254 1389 346 1451 semel
367 1391 399 1450 in
421 1396 519 1450 motus
541 1392 702 1450 coniectast
724 1391 937 1470 convenientis,
1061 1401 1113 1442 1⁰³0

110 1479 292 1541 1001011011
313 1485 347 1539 ut
368 1477 457 1557 largis
481 1477 597 1538 avidum
619 1494 700 1537 mare
723 1476 853 1537 fluminis
876 1478 962 1538 undis

201 1571 349 1646 integrent
371 1584 472 1626 amnes
491 1573 521 1626 et
543 1565 613 1625 solis
635 1572 715 1625 terra
737 1583 843 1644 vapore

200 1657 259 1716 fota
281 1661 369 1715 novet
391 1654 468 1714 fetus
491 1655 705 1731 summissaque
728 1671 800 1731 gens
823 1655 1003 1715 animantum

200 1744 304 1804 floreat
327 1749 357 1803 et
378 1745 476 1802 vivant
497 1741 629 1803 iubentes
652 1740 779 1801 aetheris
802 1743 899 1821 ignes5

111 1838 185 1891 1035
199 1831 277 1912 quod
299 1828 380 1891 nullo
402 1829 533 1890 facerent
554 1835 652 1909 pacto,
674 1829 733 1887 nisi
754 1830 888 1888 materiai
1061 1840 1113 1883 aoso

113 1925 184 1978 1010
201 1938 238 1981 01
260 1920 375 1979 infinito
399 1917 528 1978 suboriri
550 1919 634 1996 copia
655 1922 769 1996 posset,

201 2008 279 2069 unde
302 2008 410 2068 amissa
433 2005 528 2067 solent
549 2023 688 2083 reparare
710 2006 742 2064 in
763 2010 896 2083 tempore
919 2021 1060 2082 quaeque.

201 2113 269 2159 nam
291 2094 382 2155 veluti
404 2096 516 2173 privata
539 2092 604 2153 cibo
627 2098 731 2153 natura
754 2093 934 2152 animantum

202 2183 310 2245 diffluit
331 2184 468 2242 amittens
491 2198 611 2260 corpus,
634 2182 678 2240 sic
700 2181 797 2239 omnia
820 2178 927 2239 dehent

115 2278 188 2333 1040
200 2270 324 2335 dissolui
346 2268 435 2331 simul
457 2287 491 2330 ac
513 2269 621 2329 deiecit
643 2267 831 2346 suppeditare
1061 2280 1114 2321 1010

115 2367 182 2421 1010
200 2361 340 2421 materies
363 2358 460 2437 aliqua
482 2359 596 2418 ratione
618 2373 720 2415 aversa
742 2356 806 2415 viai.

201 2466 259 2510 nec
278 2447 380 2528 plagae
402 2451 527 2526 possunt
549 2446 733 2505 extrinsecus
755 2443 885 2521 undique
908 2459 1052 2503 summam

202 2552 376 2597 conservare
399 2551 528 2614 omnem,
551 2549 752 2612 quaecumque
775 2538 820 2593 est
842 2530 1008 2591 conciliata:

202 2625 310 2686 cudere
334 2624 413 2684 enim
436 2621 540 2683 crebro
563 2627 688 2700 possunt
709 2626 881 2699 partemque
904 2621 1025 2700 morari,

114 2712 273 2774 1015111110
294 2713 412 2772 veniant
433 2710 507 2771 aliae
530 2728 564 2770 ac
587 2708 718 2788 suppleri
741 2726 854 2769 summa
877 2714 1014 2788 queatur3
1062 2719 1113 2762 roco

115 2808 184 2859 1010
202 2798 351 2862 interdum
373 2797 489 2860 resilire
510 2805 608 2858 tamen
631 2803 775 2876 cogrmtur
798 2802 827 2855 et
849 2813 907 2855 una

201 2889 355 2968 principiis
378 2904 479 2948 rerum
501 2888 629 2964 spatium
650 2891 825 2963 tempusque
848 2883 928 2961 fugai

201 2976 316 3057 largiri,
338 2982 371 3035 ut
392 2975 508 3054 possint
530 2992 547 3034 a
569 2979 655 3034 coetu
676 2971 769 3032 libera
792 2971 871 3030 terri.

202 3082 293 3147 quare
316 3065 403 3124 etiam
427 3068 514 3140 atque
536 3063 624 3122 etiam
647 3059 777 3120 suboriri
798 3057 889 3119 multa
912 3064 1071 3119 necessest.

113 3159 230 3215 105001
247 3159 345 3213 tamen
361 3158 395 3211 ut
407 3149 508 3228 plagae
523 3167 640 3228 quoque
653 3149 769 3228 possint
782 3153 939 3225 suppetere
954 3147 1043 3227 ipsae,
1062 3158 1115 3200 1⁰⁵⁰

114 3247 182 3298 1040
200 3242 314 3302 infinita
337 3257 411 3318 opus
434 3243 480 3298 est
501 3239 545 3297 vis
568 3238 698 3316 undique
722 3236 863 3296 materiai.

244 3327 318 3389 illud
341 3329 372 3388 in
395 3326 442 3386 his
464 3325 554 3386 rebus
577 3325 662 3404 longe
686 3325 753 3403 iuge
776 3321 911 3403 credere,
933 3321 1064 3402 Memmi,

199 3418 232 3479 in
253 3415 385 3478 medium
407 3431 538 3476 summae
562 3414 641 3492 quod
664 3413 766 3473 dicunt
788 3413 885 3471 omnia
908 3413 976 3491 niti,

200 3513 287 3586 atque
310 3503 377 3566 ideo
399 3503 502 3564 mundi
524 3509 659 3564 naturam
681 3507 759 3563 stare
782 3501 848 3561 sine
870 3497 929 3560 11111
