2430 3878
596 185 610 240 I
1086 187 1106 250 3

115 338 155 390 65
170 330 308 392 horribili
332 349 421 412 super
444 339 566 412 aspectu
588 332 761 394 mortalibus
784 335 911 416 instans,
1080 347 1106 390 oo

115 427 153 477 00
170 423 300 500 primum
324 418 428 481 Graius
452 420 540 481 homo
562 421 696 481 mortalis
719 420 822 483 tollere
846 430 947 484 contra

172 516 219 570 est
241 507 342 569 oculos
365 526 454 570 ausus
477 511 650 589 primusque
674 509 818 571 obsistere
842 519 957 591 contra3

173 615 260 676 quem
283 614 379 675 neque
404 597 479 658 lama
502 597 591 658 deum
613 615 669 658 nec
692 597 813 659 fulmina
836 617 891 660 nec
914 601 1061 660 minitanti

172 703 324 746 murmure
348 687 524 765 compressit
546 685 671 767 caelum,
696 686 747 747 sed
772 705 805 746 eo
829 690 922 766 magis
946 705 1044 748 acrem

118 782 157 833 70
173 776 275 834 inritat
297 775 389 833 animi
411 776 564 856 virtutem5
588 775 745 853 effringere
769 783 801 836 ut
824 783 887 836 arta
1080 790 1111 830 un

118 869 154 919 to
172 869 294 922 naturae
316 864 431 940 primus
454 869 606 940 portarum
630 862 756 924 claustra
780 865 903 943 cupiret.

174 967 244 1028 ergo
268 949 363 1010 vivida
386 951 430 1009 vis
454 952 545 1010 animi
567 953 704 1032 pervicit,
728 958 757 1012 et
779 959 861 1012 extra

172 1040 320 1117 processit
342 1037 428 1116 longe
451 1037 629 1099 flammantia
652 1041 768 1099 moenia
790 1040 894 1100 mundi

173 1133 261 1205 atque
284 1143 371 1186 omne
394 1129 572 1187 immensum
595 1130 762 1207 peragravit
784 1135 882 1189 mente
907 1131 1076 1210 animoquc;

119 1222 155 1274 75
171 1214 250 1275 unde
273 1215 365 1275 refert
386 1214 472 1295 nobis
495 1217 589 1276 victor
612 1215 682 1294 quid
705 1217 800 1293 possit
822 1218 908 1298 oriri,
1081 1229 1106 1270 rc

119 1311 154 1360 70
174 1302 245 1382 quid
267 1309 410 1384 nequeat,⁴
430 1303 511 1363 linita
534 1309 664 1381 potestas
688 1303 816 1382 denique
839 1307 947 1384 cuique

173 1408 321 1470 quanam
344 1392 383 1451 sit
405 1393 518 1451 ratione
541 1398 628 1470 atque
652 1391 709 1452 alte
732 1394 877 1453 terminus
899 1393 1033 1454 haerens.

174 1497 265 1558 quare
288 1469 394 1557 religio
415 1478 540 1557 pedibus
565 1479 696 1540 subiecta
706 1482 850 1569 Jvicissim

174 1569 332 1648 opteritur,
354 1585 409 1627 nos
432 1575 575 1646 exaequat
597 1569 719 1629 victoria
743 1569 832 1629 caelo.

117 1663 157 1716 80
216 1655 291 1716 lllud
314 1657 346 1715 in
368 1654 415 1715 his
439 1655 528 1717 rebus
551 1674 668 1737 vereor,
690 1675 728 1717 ne
751 1658 826 1718 lorte
849 1661 945 1719 rearis
1080 1671 1106 1710 ⁸⁰

120 1751 154 1803 '15
173 1746 263 1823 impia
286 1750 315 1804 te
338 1745 461 1804 rationis
485 1746 561 1811 inire
585 1744 730 1805 elementa
751 1747 887 1824 viamque

175 1832 331 1911 indugredi
355 1831 484 1892 sceleris.
532 1832 609 1910 quod
632 1840 734 1894 contra
757 1837 875 1913 saepius
897 1833 946 1893 illa

174 1920 277 1999 religio
301 1921 417 2000 peperit
439 1919 585 1981 scelerosa
609 1928 696 1999 atque
718 1924 808 2000 impia
832 1923 914 1983 lacta.

173 2008 278 2069 Aulide
302 2027 359 2086 quo
383 2016 467 2086 pacto
491 2008 600 2069 Triviai
622 2011 746 2087 virginis
769 2028 849 2071 aram

117 2104 156 2155 85
172 2096 352 2176 lphianassai
375 2103 532 2176 turparunt
554 2100 696 2176 sanguine
719 2098 803 2158 loede

118 2192 155 2241 80
175 2185 312 2246 ductores
334 2183 466 2245 Danaum
489 2184 608 2265 delecti,
630 2188 726 2263 prima
748 2189 886 2246 virorum.

175 2275 223 2334 cui
248 2271 335 2333 simul
358 2272 450 2333 infula
472 2274 620 2352 virgineos
643 2275 756 2334 circum
778 2273 844 2333 data
867 2279 1000 2350 comptus

175 2380 211 2421 ex
233 2367 358 2440 utraque
382 2363 447 2441 pari
470 2360 611 2421 malarum
635 2367 717 2440 parte
740 2362 902 2442 prolusast,

174 2455 205 2510 ct
226 2455 371 2509 maestum
394 2448 571 2510 simulante
594 2467 659 2509 aras
683 2449 799 2510 adstare
821 2456 973 2529 parentem

117 2545 159 2597 90
176 2539 282 2617 sensit,
305 2543 335 2598 et
356 2536 435 2597 hunc
457 2544 579 2617 propter
601 2538 713 2598 serrum
737 2537 832 2599 celare
856 2539 1021 2619 ministros,
1077 2551 1103 2591 ⁹⁰

118 2632 155 2682 85
173 2633 353 2704 aspectuque
377 2643 430 2686 suo
453 2625 589 2686 lacrimas
612 2626 763 2687 effundere
787 2626 872 2709 ciris,

173 2720 254 2774 muta
276 2719 358 2774 metu
379 2720 490 2774 terram
512 2713 637 2793 genibus
660 2716 815 2775 summissa
839 2714 965 2794 petebat.

173 2818 230 2862 nec
251 2803 378 2862 miserae
400 2802 542 2880 prodesse
566 2805 597 2863 in
619 2802 671 2862 tali
693 2811 826 2882 tempore
850 2802 952 2881 quibat

174 2889 252 2968 quod
274 2893 370 2968 patrio
393 2893 532 2969 princeps
556 2891 679 2951 donarat
700 2894 819 2952 nomine
842 2908 955 2969 regem:

118 2981 157 3034 95
175 2995 243 3037 nam
265 2977 378 3038 sublata
399 2980 495 3038 virum
512 2978 648 3040 manibus
666 2979 912 3058 tremibundaque
932 2978 968 3038 ad
987 2995 1051 3038 aras
1078 2989 1104 3031 95

118 3071 155 3121 00
173 3065 340 3148 deductast,
362 3084 422 3127 non
445 3074 479 3127 ut
501 3065 636 3128 sollemni
658 3085 740 3128 more
764 3085 915 3128 sacrorum

172 3154 305 3232 perlecto
329 3161 431 3234 posset
453 3155 532 3216 claro
556 3158 691 3216 comitari
713 3154 893 3237 Hymenaeo,

173 3241 226 3302 sed
250 3248 329 3303 casta
351 3244 478 3325 inceste,
504 3242 635 3304 nubendi
656 3251 790 3323 tempore
813 3247 844 3303 in
867 3247 946 3325 ipso,

171 3330 269 3392 hostia
292 3331 462 3393 concideret
484 3338 612 3393 mactatu
633 3339 745 3393 maesta
766 3334 910 3414 parentis,
1138 3389 1140 3393 ,

97 3424 155 3478 100
171 3420 269 3480 exitus
291 3425 325 3480 ut
347 3418 435 3481 classi
458 3419 527 3482 felix
551 3421 723 3501 faustusque
747 3420 874 3481 daretur.
1066 3435 1105 3476 1⁰0

115 3514 286 3569 notantem
309 3507 413 3588 religio
434 3512 533 3590 potuit
556 3511 681 3573 suadere
703 3508 862 3573 malorum.

879 3612 916 3668 q*
