2430 3878
542 187 580 242 111

128 334 280 394 vermibus
304 339 334 393 et
356 335 455 412 privas
479 335 510 393 in
533 352 657 412 corpora
680 353 767 413 posse
790 338 891 397 venire

129 422 227 483 credis
250 440 306 482 nec
328 428 448 500 reputas
471 440 524 482 cur
545 422 627 482 milia
651 421 741 483 multa
765 426 929 485 animarum

130 513 305 571 conveniant
327 509 406 569 unde
430 527 488 570 una
511 512 682 590 recesserit,
704 510 760 570 hoc
782 518 881 572 tamen
905 519 950 572 est
972 520 1005 573 ut
1029 535 1067 575 725

131 598 333 677 quaerendum
355 597 489 658 videatur
512 606 541 658 et
563 600 594 658 in
618 598 777 659 discrimen
800 600 958 680 agendum,

56 693 231 753 assuerum
254 686 372 747 tandem
395 688 508 747 animae
531 694 676 747 venentur
700 689 811 747 semina
835 706 968 766 quaeque

129 774 358 835 vermicvdorum
382 776 521 852 ipsaeque
545 773 603 834 sibi
625 774 808 836 fabricentur
829 775 881 836 ubi
904 779 977 856 sint,

130 881 168 923 an
191 866 275 941 quasi
299 861 473 941 corporibus
494 863 636 941 perlectis
659 865 856 924 insinuentur.

130 958 161 1012 at
182 968 279 1030 neque
304 969 357 1010 cur
380 950 488 1010 faciant
506 953 588 1029 ipsae
611 969 737 1029 quareve
761 950 895 1011 laborent
1028 974 1067 1012 veo

131 1041 230 1100 dicere
250 1038 424 1118 suppeditat.
457 1056 553 1117 neque
573 1041 661 1118 enim,
681 1041 744 1099 sine
765 1057 888 1118 corpore
908 1057 975 1099 cum
989 1046 1066 1118 sunt,

58 1145 112 1194 730
137 1127 279 1188 sollicitae
302 1126 424 1186 volitant
446 1127 558 1187 morbis
582 1126 707 1205 alguque
730 1127 878 1205 fameque:
1080 1138 1082 1142 '

131 1234 240 1294 corpus
263 1217 343 1276 enim
365 1216 458 1292 magis
481 1214 528 1274 his
551 1216 631 1274 vitiis
654 1214 749 1274 adfine
772 1213 897 1296 laborat,

132 1310 162 1363 et
184 1302 259 1363 mala
281 1302 373 1363 multa
396 1305 512 1363 animus
535 1310 656 1380 contage
680 1303 813 1380 iungitur
836 1305 909 1363 eius.

132 1392 185 1451 sed
207 1397 305 1451 umen
327 1391 375 1450 bis
398 1398 461 1450 esto
485 1393 618 1468 quamvis
641 1391 738 1451 lacere
761 1390 833 1451 utile
857 1409 964 1470 corpus
1029 1412 1066 1452 005

132 1482 181 1539 cui
205 1478 341 1539 subeant:
365 1484 394 1537 at
417 1496 474 1556 qua
496 1481 613 1556 possint
635 1481 680 1538 via
703 1477 783 1539 nulla
805 1479 930 1540 videtur.
994 1484 996 1488 '

58 1583 113 1634 735
131 1567 202 1627 haut
224 1568 316 1645 igitur
338 1566 448 1626 iaciunt
471 1569 584 1627 animae
608 1567 666 1627 sibi
689 1585 811 1645 corpora
835 1575 865 1628 et
887 1576 976 1628 artus.

131 1674 187 1715 nec
208 1661 308 1715 tamen
331 1661 376 1714 est
398 1657 483 1733 utqui
506 1656 646 1732 perlectis
669 1657 857 1731 insinuentur

132 1743 318 1822 corporibus:
341 1760 437 1820 neque
461 1744 540 1802 enim
563 1750 702 1821 poterunt
725 1744 873 1821 suptiliter
897 1761 962 1804 esse

132 1849 272 1912 conexae,
295 1849 392 1908 neque
415 1849 577 1890 consensus
601 1832 734 1909 contagia
757 1832 837 1891 fient.
1028 1853 1067 1892 740

175 1918 307 1997 Denique
331 1937 384 1978 cur
406 1920 483 1978 acris
505 1917 644 1978 violentia
666 1921 751 1978 triste
775 1918 893 1979 leonum

59 2024 113 2073 740
132 2009 290 2067 seminium
314 2007 461 2087 sequitur,
484 2005 585 2084 volpes
608 2006 706 2086 dolus,
729 2012 759 2066 et
782 2007 849 2084 luga
872 2023 988 2085 cervos,

558 2113 575 2151 a

131 2089 149 2244 b
171 2181 308 2263 patribus
331 2181 418 2242 datur
441 2188 471 2241 et
493 2184 605 2259 patrius
628 2198 718 2260 pavor
741 2183 845 2241 incitat
868 2177 986 2256 artusll

133 2276 163 2331 et
185 2273 243 2330 iam
267 2276 364 2330 cetera
387 2269 423 2328 de
447 2287 555 2347 genere
578 2269 634 2328 hoc
658 2287 711 2328 cur
733 2271 831 2328 omnia
853 2268 994 2328 membris

133 2378 169 2419 ex
191 2360 312 2418 ineunte
336 2375 405 2418 aevo
430 2363 625 2436 generascunt
650 2358 840 2436 ingenioque,
1029 2377 1067 2418 745

133 2449 254 2526 sinon,
278 2453 358 2506 certa
381 2464 434 2505 suo
459 2447 526 2524 quia
550 2447 662 2505 semine
686 2447 869 2523 seminioque

60 2551 114 2602 745
133 2537 178 2594 vis
201 2537 291 2595 animi
313 2536 425 2611 pariter
447 2535 555 2593 crescit
578 2551 645 2593 cum
668 2550 791 2611 corpore
815 2529 953 2612 quoque?

133 2623 211 2701 quod
235 2625 261 2682 si
284 2620 449 2681 inmortalis
471 2622 548 2681 foret
571 2629 600 2681 et
622 2627 737 2681 mutare
761 2620 870 2682 soleret

133 2728 269 2789 corpora,
291 2712 446 2788 permixtis
468 2711 631 2770 animantes
654 2709 787 2770 moribus
811 2715 922 2769 essent:

133 2798 275 2876 effugeret
298 2800 379 2858 canis
402 2797 535 2876 Hyrcano
560 2797 595 2857 de
620 2799 732 2857 semine
756 2814 843 2875 saepe
1030 2817 1068 2858 uo

133 2889 280 2964 cornigeri
303 2889 456 2946 incursum
478 2888 570 2965 cervi,
593 2891 792 2962 tremeretque
815 2902 869 2962 per
892 2902 977 2944 auras

60 2992 112 3041 750
132 2978 211 3035 aeris
235 2976 375 3052 accipiter
398 2974 513 3051 lugiens
536 2975 673 3033 veniente
697 2971 844 3052 columba,

119 3064 289 3142 desiperent
311 3061 460 3142 homines,
483 3069 620 3139 saperent
643 3061 705 3121 lera
728 3059 823 3120 saecla
846 3060 983 3119 lerarum.

131 3150 205 3211 illud
228 3153 308 3210 enim
330 3149 402 3210 falsa
425 3150 519 3209 lertur
541 3152 669 3229 ratione,
693 3148 771 3226 quod
794 3150 876 3208 aiunt

132 3238 319 3299 inmortalem
342 3241 468 3298 animam
490 3245 602 3298 mutato
626 3254 749 3315 corpore
772 3236 864 3295 flecti:
1029 3256 1068 3298 aas

132 3328 210 3407 quod
233 3333 362 3391 mutatur
385 3328 478 3405 enim,
501 3324 685 3405 dissolvitur,
709 3326 811 3384 interit
830 3341 908 3402 ergo.

58 3433 112 3484 755
131 3417 310 3476 traiciuntur
333 3417 413 3474 enim
435 3420 534 3493 partes
553 3419 640 3492 atque
664 3412 766 3472 ordine
790 3414 928 3492 migrant3

132 3522 223 3583 quare
247 3503 371 3564 dissolui
394 3520 510 3582 quoque
534 3500 643 3562 debent
664 3519 753 3581 posse
775 3518 830 3580 per
853 3506 954 3576 artus,
