2430 3878
421 181 702 238 PROLEGOMENA.
981 182 1065 236 LXIII

55 325 148 389 lucro
168 325 266 390 oculos
287 346 480 408 preoccupatae
503 327 655 392 lacessunt
675 348 729 408 pro
753 327 872 391 iconum
890 329 948 401 00.
967 330 1066 408 philol.

54 416 180 477 XXXIII
192 413 267 498 439,
290 417 341 478 ubi
364 418 462 478 dicere
488 418 631 478 debebam
654 420 685 477 in
704 421 768 478 eius
786 437 889 479 versus
910 421 961 498 qui
978 421 1068 497 periit

56 506 119 565 tine
151 501 271 566 bonum
302 506 407 566 fuisse:
445 503 559 568 bomem
588 523 707 568 cernere
733 505 864 585 uam,
898 509 982 585 quasi
1013 526 1067 585 per

58 592 209 672 quaelibet
238 593 393 654 simulacra
423 593 523 654 leones
554 598 636 655 cerni
664 597 786 673 possint.
830 591 927 656 leones
954 595 1066 656 MaruII.

60 680 162 762 vulgo,
194 681 297 741 eodem
329 684 407 741 vitio.
445 715 487 725 —
524 678 586 742 737
620 678 752 744 leonem
782 683 811 743 et
841 685 937 745 cetero
968 684 1062 745 Lm.B.

59 769 129 828 Mn:
152 766 272 831 bouum
294 771 390 831 cetero
407 769 466 840 OQ.
484 768 579 847 vulgo.
604 803 646 812 —
671 769 733 831 743
755 771 890 832 rellicta
911 770 976 832 viia
997 771 1064 834 iam

57 870 143 915 mors
166 901 198 914 ..
216 851 353 932 potitasi.
380 854 416 915 Is.
437 855 517 915 Voss.
532 855 617 916 B.Mr.
640 853 761 918 reddito
782 854 848 917 aiio
865 856 923 927 OQ.
946 854 1067 918 reddiia

56 959 116 1020 pro
144 939 210 1003 cito
237 941 299 1001 Lm.
323 976 364 985 -
390 935 403 1026 ΙΙ
426 939 599 1006 750-758
621 937 644 1027 (Ι.
673 941 855 1007 759-798.
884 941 1066 1006 799-803.

60 1047 136 1109 quae
164 1032 239 1089 ratio
267 1032 346 1090 inter
372 1031 425 1090 hos
453 1031 526 1091 duos
550 1031 644 1113 locos,
672 1035 815 1110 quisunt
840 1028 1013 1095 750-758
1037 1039 1067 1092 et

60 1113 245 1180 759-798
278 1119 488 1198 intercederet,
524 1121 638 1198 primus
674 1123 826 1199 perspexit
858 1120 964 1181 Christ.
994 1120 1012 1180 I.
1041 1139 1065 1180 c.

58 1225 86 1285 p.
102 1203 160 1288 233
184 1205 296 1266 Susem.
319 1205 419 1285 philol.
438 1206 555 1266 XXXIII
568 1204 634 1268 439
645 1226 708 1287 sqq.
732 1226 795 1267 rem
817 1227 911 1286 paene
934 1208 1064 1268 absolvit.

58 1296 143 1373 prius
171 1293 326 1354 Lucretius
350 1297 469 1372 sorIpsit
491 1292 664 1359 750-758
689 1302 727 1376 et,
750 1296 827 1374 quod
851 1296 934 1377 addo,
958 1293 1065 1358 799-
1150 1314 1154 1327 ’

59 1379 125 1444 803
146 1375 344 1464 (818-821.
365 1379 428 1444 826
443 1378 531 1466 Lm),
554 1384 660 1443 deiude
679 1383 783 1443 maluit
805 1403 873 1444 eum
888 1383 992 1465 Iocum,
1016 1387 1066 1463 qui

59 1477 106 1530 est
129 1471 165 1530 de
190 1470 330 1549 quicquid
353 1489 470 1549 quoque
494 1470 558 1531 Ioco
583 1472 731 1550 cogitandi
753 1471 906 1552 facilitate,
932 1492 999 1533 cum
1023 1491 1066 1553 eo,

60 1560 113 1636 qui
144 1565 190 1618 est
217 1558 253 1618 de
281 1558 505 1619 simulacrorum
536 1563 567 1619 in
599 1562 721 1620 somniis
751 1563 803 1639 qui
832 1560 947 1621 videtur
976 1568 1066 1640 motu,

60 1648 254 1724 coniungere:
282 1649 380 1726 itaque
407 1650 491 1725 prior
520 1646 602 1708 locus
633 1647 828 1709 secludendus
858 1655 929 1710 erat.
974 1667 1066 1709 norae

60 1734 168 1795 deiude
196 1736 241 1794 rei
269 1737 446 1813 expositioni
469 1735 593 1796 eandem
615 1738 759 1797 rationem
782 1736 944 1797 subiectam
966 1737 1066 1816 voluit,

61 1841 135 1902 quae
159 1824 253 1902 priori
277 1822 408 1883 subiecta
432 1830 484 1884 est.
517 1826 638 1903 repetiit
661 1843 778 1885 versum
802 1821 866 1886 774
889 1818 969 1907 (756
983 1820 1064 1908 Brg.)

59 1929 149 1972 versu
173 1906 235 1971 799
260 1903 338 1994 (781
363 1904 459 1994 Brg.),
487 1910 561 1972 duos
589 1913 640 1990 qui
664 1919 829 1991 sequuntur
851 1912 981 1994 reliquit,
1009 1913 1065 1973 aIio

59 2005 194 2077 tempore
217 2005 251 2058 ut
273 1997 462 2060 adscriberet.
499 2007 600 2060 utrum
624 2000 730 2060 deiude
753 2003 817 2079 ipse
841 2019 878 2061 au
901 2001 975 2061 alius
1000 2005 1066 2081 quis

59 2105 165 2147 versus
185 2084 246 2147 771
259 2104 301 2164 sq.
322 2105 358 2146 ex
376 2105 447 2147 voce
467 2086 672 2167 pomposam
690 2085 744 2149 aba·
761 2089 819 2148 huc
837 2092 1066 2170 transcrIpserit‚

58 2193 120 2235 nou
134 2174 268 2234 dixerim.
300 2173 423 2235 lineolas
444 2183 510 2235 aute
525 2176 645 2236 lacunae
665 2179 781 2254 signum
794 2179 905 2254 positas
919 2176 1006 2237 volui.
1030 2178 1065 2237 de

59 2281 93 2323 re
117 2262 164 2322 bis
186 2269 309 2323 tractata
337 2263 372 2324 cf.
399 2283 427 2342 p.
451 2263 541 2323 XVIII
555 2282 598 2343 sq.
621 2297 663 2306 -
687 2267 745 2323 iam
768 2264 804 2323 ad
832 2262 945 2341 siuguia
972 2268 1065 2325 venio.

60 2346 126 2413 756
142 2358 171 2411 et
181 2348 242 2413 781
257 2368 370 2427 rerum,
389 2353 420 2412 In
435 2371 493 2431 quo
512 2351 699 2412 offenderunt
711 2351 806 2411 ka.
822 2359 851 2411 et
864 2351 987 2433 Susem.,
1000 2371 1066 2430 pro·

59 2440 189 2499 nominis
212 2441 307 2499 instar
329 2446 383 2519 est,
405 2446 564 2501 uteorum
588 2439 679 2500 scribi
702 2458 776 2519 opus
800 2458 859 2500 uon
883 2442 929 2500 sit.
944 2472 986 2482 -
1002 2437 1066 2503 765

58 2525 90 2590 si
109 2543 205 2603 mare,
226 2524 256 2588 ca‘
277 2528 392 2588 terrum
413 2526 527 2590 cerdici
550 2526 671 2599 OQLm.
694 2528 750 2588 rid.
774 2545 941 2590 occurrere:
965 2547 1066 2590 corru-

59 2621 169 2695 perunt
197 2614 293 2675 locum
316 2615 488 2676 facillimum
514 2616 549 2676 ad
572 2616 802 2694 intellegendum
824 2616 855 2677 Β.
875 2624 905 2678 et
922 2617 989 2697 bIr.‚
1016 2617 1065 2677 iIIe

59 2705 144 2766 terra
165 2704 210 2765 esi
229 2700 266 2764 a'rt
287 2701 374 2765 corde
387 2749 394 2764 .
408 2749 429 2780 .,
451 2704 500 2764 hic
523 2706 636 2766 terrast
656 2703 740 2766 cordi
764 2704 929 2765 scribendo.
944 2738 986 2746 —
1002 2703 1065 2766 773

59 2792 90 2854 et
108 2793 249 2870 repetunt
269 2787 348 2854 ollis
370 2785 440 2876 (hoc
459 2786 633 2877 Greechius)
648 2794 767 2873 pastum
782 2791 861 2872 pede
879 2790 1067 2854 couvem‘eoti

59 2881 80 2940 i.
95 2897 120 2940 e.
135 2886 273 2959 repetunt
286 2887 397 2940 motum
415 2881 489 2960 pede
508 2881 654 2942 bracchiis
674 2884 873 2961 conveniente,
892 2880 937 2940 vel
950 2881 1066 2961 planius

60 2970 158 3048 etiam,
181 2969 222 3027 ita
241 2974 379 3047 repetunt
399 2975 431 3028 ut
448 2969 532 3047 pedis
551 2977 648 3030 motus
666 2969 870 3029 bracchiorum
888 2973 983 3031 motui
997 2990 1066 3031 cou-

58 3057 165 3117 veuiat
191 3053 435 3134 repetuntooalm
453 3056 565 3127 outre
580 3061 690 3137 inepte.
712 3055 852 3136 referunt
863 3055 958 3119 ocub's
971 3057 1065 3118 Lm.B.

19 3157 21 3159 ·
58 3162 120 3205 nou
142 3143 258 3204 melius.
275 3177 316 3187 -
338 3143 401 3206 776
423 3146 553 3224 teumore
574 3143 609 3206 iu
625 3162 695 3221 urae,
719 3162 787 3206 cum
807 3138 899 3229 (com)
919 3145 1066 3208 sentimus

59 3225 278 3317 (consentimus
309 3226 396 3316 OQ),
426 3231 462 3294 a'd
490 3236 536 3295 est
565 3252 632 3295 cum
663 3251 721 3296 coc
748 3231 896 3295 emittitur
922 3252 1000 3308 uuo,
1030 3234 1065 3293 cf.

56 3320 158 3401 philol.
182 3318 259 3380 XXV
278 3317 328 3401 74,
352 3321 464 3381 Susem.
488 3324 519 3381 iu
541 3322 641 3400 philol.
663 3321 769 3382 XXXII
782 3318 848 3383 440
867 3329 925 3382 not.
946 3319 974 3384 6.
998 3321 1065 3399 Brg.

57 3409 109 3489 Ep.
137 3408 235 3469 Lebre
265 3427 290 3470 v.
321 3409 347 3469 d.
381 3409 464 3470 Seele
494 3430 521 3488 p.
539 3408 591 3472 18:
626 3408 687 3471 782
722 3403 803 3494 (764
828 3402 910 3492 Brg.)
940 3406 1066 3488 imapo?

58 3494 123 3561 795
147 3491 228 3582 (776
250 3490 333 3580 Brg.)
357 3496 438 3577 qaod
462 3496 623 3575 secamus,
650 3496 686 3560 id
711 3501 770 3576 cst,
797 3516 866 3561 cam
886 3543 894 3559 .
912 3543 949 3560 ..
974 3505 1076 3574 acute,
