2430 3878
164 150 207 214 20
658 150 671 203 Ι

165 303 220 354 090
235 296 333 356 dicere
355 313 443 374 porro
466 298 564 374 ignem
587 314 635 355 res
660 297 755 357 omnis
779 314 857 377 esse,
880 314 976 375 nequo
999 296 1091 357 ullam
1127 310 1162 351 coo

166 390 217 441 685
236 402 298 444 rem
320 402 419 444 veram
441 387 473 444 in
495 402 617 444 numero
641 401 741 444 rerum
764 391 899 444 constare
922 387 981 445 nisi
1004 386 1117 466 ignem,
1211 446 1213 471 Ι

237 471 314 550 quod
337 472 406 532 lacit
427 472 475 532 hic
498 471 590 553 idem,
612 472 793 550 perdelirum
816 490 881 532 esse
904 473 1028 533 videtur.
1211 480 1213 487 '

235 578 303 620 nam
326 568 426 620 contra
450 578 554 620 sensus
577 559 613 619 ab
636 559 775 621 sensibus
797 562 861 639 ipse
883 568 1028 640 repugnat

237 655 266 707 et
288 647 441 708 labefactat
463 665 527 729 cos,
549 647 627 708 unde
651 650 748 708 omnia
771 648 881 708 credita
904 648 1047 730 pendent,

167 741 221 793 005
234 736 312 796 unde
335 736 383 796 hic
406 738 539 813 cognitus
563 743 609 796 est
631 737 690 814 ipsi
713 753 799 814 quem
823 737 954 796 nominat
976 739 1090 815 ignom:
1127 747 1165 790 ⁶⁹⁵

167 830 217 880 690
236 824 329 884 credit
352 825 431 883 enim
454 842 558 884 sensus
582 826 680 902 ignem
703 841 880 902 cognoscere
902 842 985 904 vere,

236 918 333 972 cetera
355 930 415 971 non
438 911 545 992 credit,
568 929 642 990 quae
665 911 724 971 nilo
748 911 825 972 clara
848 914 946 972 minus
969 918 1046 972 sunt.

235 998 314 1078 quod
337 999 410 1059 mihi
432 1018 499 1060 cum
521 1017 627 1060 vanum
650 1005 713 1060 tum
737 999 861 1060 delirum
884 1018 951 1060 esse
973 1000 1103 1060 videtur:

237 1105 294 1166 quo
317 1088 480 1148 referemus
505 1083 605 1148 enim?
641 1088 711 1166 quid
735 1088 820 1147 nobis
843 1090 953 1148 certius
976 1089 1050 1166 ipsis

165 1180 222 1231 700
238 1175 373 1236 sensibus
397 1194 462 1237 esse
484 1182 594 1256 potest,
618 1177 758 1253 quivena
781 1194 814 1235 ac
838 1175 908 1235 lalsa
931 1171 1091 1236 notemus?
1129 1188 1166 1228 ⁷⁰⁰

168 1268 219 1319 695
237 1270 389 1342 praeterea
412 1281 502 1341 quare
526 1265 680 1342 quisquam
703 1265 795 1341 magis
819 1266 916 1324 omnia
937 1263 1020 1324 tollat

238 1359 267 1411 et
289 1351 359 1410 velit
381 1350 495 1411 ardoris
519 1358 652 1411 naturam
674 1349 809 1429 linquere
833 1351 937 1431 solam,

239 1457 325 1517 quam
348 1445 435 1516 neget
458 1456 523 1499 esse
546 1440 631 1518 ignis,
654 1435 775 1516 quidum
797 1446 895 1499 umen
913 1456 979 1499 esso
998 1434 1167 1517 relinquat?

238 1544 330 1604 aequa
353 1525 467 1585 videtur
490 1528 569 1586 enim
592 1526 737 1586 dementia
761 1525 859 1587 dicere
882 1533 1050 1605 utrumque.

168 1617 223 1672 705
280 1613 463 1692 Quapropter
486 1616 537 1692 qui
558 1616 711 1674 materiem
734 1632 834 1675 rerum
857 1632 922 1675 esse
945 1620 1088 1693 putarunt
1130 1627 1168 1668 τοῦ

169 1711 220 1762 700
239 1705 337 1779 ignem
360 1708 446 1780 atque
470 1720 506 1761 ex
529 1704 590 1780 igni
613 1720 755 1762 summam
778 1704 941 1762 consistere
963 1720 1066 1782 posse,

235 1797 265 1850 et
287 1791 338 1869 qui
359 1791 539 1868 principium
561 1791 717 1868 gignundis
736 1795 804 1850 atra
826 1790 915 1851 rebus

239 1879 431 1957 constituere,
454 1884 504 1937 aut
525 1895 659 1937 umorem
682 1879 858 1956 quicumque
881 1884 1023 1956 putarunt

240 1967 349 2044 fingere
372 1983 421 2025 res
443 1967 539 2044 ipsum
562 1984 616 2045 per
638 1984 683 2046 se,
705 1972 850 2025 terramve
873 1983 974 2026 creare
1030 2033 1032 2036 ,

170 2063 223 2113 710
239 2055 336 2114 omnia
359 2059 389 2113 et
409 2055 441 2112 in
463 2071 563 2114 rerum
586 2060 704 2114 naturas
727 2055 836 2114 vertier
859 2056 968 2134 omnis,
1132 2068 1170 2108 uo

170 2150 221 2201 705
240 2159 344 2220 magno
368 2159 456 2219 opere
480 2159 496 2201 a
518 2159 586 2202 vero
609 2141 694 2220 longe
718 2141 852 2202 derrasse
875 2141 1019 2202 videntur.

241 2230 313 2291 adde
337 2231 424 2289 etiam
447 2232 498 2308 qui
520 2229 726 2308 conduplicant
747 2230 909 2308 primordia
932 2247 1033 2290 rerum

241 2323 309 2379 aera
331 2320 485 2396 iungentes
509 2320 570 2397 igni
592 2324 761 2395 terramque
782 2316 904 2398 liquori,

241 2408 344 2484 etqui
367 2411 502 2484 quattuor
526 2424 561 2465 ex
583 2405 672 2465 rebus
694 2422 781 2483 posse
805 2407 902 2465 omnia
925 2413 1028 2466 rentur

172 2502 224 2553 715
241 2512 277 2553 ex
299 2495 360 2570 igni
382 2500 461 2552 terra
483 2500 570 2571 atque
593 2495 689 2552 anima
711 2510 901 2571 procrescere
925 2501 954 2554 et
976 2493 1072 2554 imbri
1132 2507 1171 2548 uo

172 2588 223 2638 710
242 2598 367 2659 quorum
388 2579 598 2658 Acragantinus
622 2599 688 2641 cum
710 2583 815 2659 primis
837 2579 1030 2660 Empedocles
1054 2589 1113 2662 est,

242 2667 337 2728 insula
360 2685 447 2746 quem
468 2670 623 2746 triquetris
645 2675 792 2729 terrarum
815 2671 907 2746 gessit
929 2671 960 2728 in
983 2671 1058 2749 oris,

242 2774 329 2836 quam
351 2755 469 2816 fluitans
493 2758 603 2816 circum
625 2758 738 2834 magnis
761 2756 939 2817 anfractibus
962 2774 1073 2835 aequor

241 2843 354 2905 lonium
378 2843 488 2922 glaucis
511 2847 639 2923 aspargit
661 2847 741 2904 virus
764 2843 799 2904 ab
822 2844 923 2924 undis,

174 2939 422 3011 720angustoque
445 2932 521 2992 lretu
544 2932 679 3011 rapidum
700 2950 781 2993 mare
804 2932 908 2992 dividit
930 2933 1044 2992 undans
1134 2947 1173 2987 uo

173 3028 225 3079 ‘115
243 3021 341 3082 ltaliae
363 3028 509 3080 terrarum
528 3038 593 3080 oras
617 3039 633 3080 a
656 3020 763 3081 finibus
786 3022 858 3081 eius.

243 3108 291 3169 hic
314 3116 359 3168 est
380 3115 462 3169 vasta
485 3108 658 3189 Charybdis,
681 3114 711 3168 et
731 3108 779 3169 hic
801 3108 928 3169 Aetnaea
951 3110 1102 3170 minantur

243 3215 393 3257 murmura
415 3197 596 3256 flammarum
618 3214 737 3257 rursum
761 3214 792 3256 se
815 3196 953 3275 colligere
976 3198 1049 3277 iras,

244 3283 375 3344 lancibus
399 3292 535 3344 eructans
558 3286 663 3344 iterum
687 3286 731 3344 vis
753 3291 786 3345 ut
808 3292 905 3345 vomat
927 3286 1004 3363 ignis

174 3379 230 3432 725
245 3373 280 3432 ad
303 3372 473 3451 caelumque
497 3373 571 3432 ierat
593 3372 719 3432 flammai
741 3371 856 3451 fulgura
879 3391 1006 3434 rursum.
1135 3385 1173 3428 us

172 3468 224 3516 720
241 3479 316 3541 quae
340 3478 407 3522 cum
429 3478 534 3542 magna
556 3460 651 3522 modis
673 3459 772 3522 multis
796 3461 929 3522 miranda
951 3461 1067 3522 videtur
