<?xml version="1.0" encoding="UTF-8"?>
<!DOCTYPE html PUBLIC "-//W3C//DTD XHTML 1.0 Transitional//EN"
    "http://www.w3.org/TR/xhtml1/DTD/xhtml1-transitional.dtd">
<html xmlns="http://www.w3.org/1999/xhtml" xml:lang="en" lang="en">
 <head>
  <title>
</title>
<meta http-equiv="Content-Type" content="text/html;charset=utf-8" />
  <meta name='ocr-system' content='tesseract 3.04.00' />
  <meta name='ocr-capabilities' content='ocr_page ocr_carea ocr_par ocr_line ocrx_word'/>
</head>
<body>
  <div class='ocr_page' id='page_1' title='image "./tlucreticarider01carugoog_0261.png"; bbox 0 0 2430 3878; ppageno 0'>
   <div class='ocr_carea' id='block_1_1' title="bbox 12 166 622 255">
    <p class='ocr_par' dir='ltr' id='par_1_1' title="bbox 12 166 622 255">
     <span class='ocr_line' id='line_1_1' title="bbox 12 166 622 255; baseline -0.011 -2"><span class='ocrx_word' id='word_1_1' title='bbox 12 166 15 171; x_wconf 75' lang='grc'><strong>’</strong></span> <span class='ocrx_word' id='word_1_2' title='bbox 104 189 166 255; x_wconf 76' lang='lat'><strong>172</strong></span> <span class='ocrx_word' id='word_1_3' title='bbox 582 191 622 246; x_wconf 82' lang='lat' dir='ltr'><strong>m</strong></span> 
     </span>
    </p>
   </div>
   <div class='ocr_carea' id='block_1_2' title="bbox 58 337 1070 3589">
    <p class='ocr_par' dir='ltr' id='par_1_2' title="bbox 58 337 1070 3589">
     <span class='ocr_line' id='line_1_2' title="bbox 154 337 813 418; baseline 0 -20"><span class='ocrx_word' id='word_1_4' title='bbox 154 337 293 398; x_wconf 84' lang='lat' dir='ltr'><strong>veridicis</strong></span> <span class='ocrx_word' id='word_1_5' title='bbox 314 340 405 417; x_wconf 80' lang='lat' dir='ltr'><strong>igitur</strong></span> <span class='ocrx_word' id='word_1_6' title='bbox 427 342 562 418; x_wconf 82' lang='lat' dir='ltr'><strong>purgavit</strong></span> <span class='ocrx_word' id='word_1_7' title='bbox 584 346 704 418; x_wconf 76' lang='lat' dir='ltr'>pectora</span> <span class='ocrx_word' id='word_1_8' title='bbox 727 337 813 399; x_wconf 89' lang='lat' dir='ltr'><strong>dictis</strong></span> 
     </span>
     <span class='ocr_line' id='line_1_3' title="bbox 102 427 879 506; baseline -0.008 -15"><span class='ocrx_word' id='word_1_9' title='bbox 102 442 136 491; x_wconf 79' lang='lat'><strong>25</strong></span> <span class='ocrx_word' id='word_1_10' title='bbox 155 432 185 486; x_wconf 89' lang='lat' dir='ltr'><strong>et</strong></span> <span class='ocrx_word' id='word_1_11' title='bbox 207 427 296 486; x_wconf 87' lang='lat' dir='ltr'><strong>finem</strong></span> <span class='ocrx_word' id='word_1_12' title='bbox 319 429 421 487; x_wconf 83' lang='lat' dir='ltr'><strong>statuit</strong></span> <span class='ocrx_word' id='word_1_13' title='bbox 443 427 617 505; x_wconf 81' lang='lat' dir='ltr'><strong>cuppedinis</strong></span> <span class='ocrx_word' id='word_1_14' title='bbox 640 434 727 505; x_wconf 88' lang='lat' dir='ltr'><strong>etque</strong></span> <span class='ocrx_word' id='word_1_15' title='bbox 750 428 879 506; x_wconf 90' lang='lat' dir='ltr'><strong>timoris,</strong></span> 
     </span>
     <span class='ocr_line' id='line_1_4' title="bbox 155 514 1066 594; baseline -0.004 -20"><span class='ocrx_word' id='word_1_16' title='bbox 155 517 348 593; x_wconf 77' lang='lat' dir='ltr'><strong>exposuitque</strong></span> <span class='ocrx_word' id='word_1_17' title='bbox 371 514 482 575; x_wconf 90' lang='lat' dir='ltr'><strong>bonum</strong></span> <span class='ocrx_word' id='word_1_18' title='bbox 506 533 666 594; x_wconf 90' lang='lat' dir='ltr'><strong>summum,</strong></span> <span class='ocrx_word' id='word_1_19' title='bbox 690 533 747 593; x_wconf 93' lang='lat' dir='ltr'><strong>quo</strong></span> <span class='ocrx_word' id='word_1_20' title='bbox 770 515 918 574; x_wconf 85' lang='lat' dir='ltr'><strong>tendimus</strong></span> <span class='ocrx_word' id='word_1_21' title='bbox 941 529 1066 594; x_wconf 91' lang='lat' dir='ltr'><strong>omnes,</strong></span> 
     </span>
     <span class='ocr_line' id='line_1_5' title="bbox 155 602 1009 682; baseline -0.004 -20"><span class='ocrx_word' id='word_1_22' title='bbox 155 602 338 682; x_wconf 82' lang='lat' dir='ltr'><strong>quidforet,</strong></span> <span class='ocrx_word' id='word_1_23' title='bbox 361 609 448 680; x_wconf 82' lang='lat' dir='ltr'><strong>atque</strong></span> <span class='ocrx_word' id='word_1_24' title='bbox 471 605 548 663; x_wconf 85' lang='lat' dir='ltr'><strong>viam</strong></span> <span class='ocrx_word' id='word_1_25' title='bbox 570 605 755 682; x_wconf 85' lang='lat' dir='ltr'><strong>monstravit,</strong></span> <span class='ocrx_word' id='word_1_26' title='bbox 778 604 894 663; x_wconf 83' lang='lat' dir='ltr'><strong>tremite</strong></span> <span class='ocrx_word' id='word_1_27' title='bbox 917 617 1009 679; x_wconf 85' lang='lat' dir='ltr'><strong>perro</strong></span> 
     </span>
     <span class='ocr_line' id='line_1_6' title="bbox 156 690 933 770; baseline 0 -20"><span class='ocrx_word' id='word_1_28' title='bbox 156 709 212 769; x_wconf 87' lang='lat' dir='ltr'><strong>qua</strong></span> <span class='ocrx_word' id='word_1_29' title='bbox 233 708 389 769; x_wconf 89' lang='lat' dir='ltr'><strong>possemus</strong></span> <span class='ocrx_word' id='word_1_30' title='bbox 412 691 448 750; x_wconf 86' lang='lat' dir='ltr'><strong>ad</strong></span> <span class='ocrx_word' id='word_1_31' title='bbox 471 691 501 751; x_wconf 95' lang='lat' dir='ltr'><strong>id</strong></span> <span class='ocrx_word' id='word_1_32' title='bbox 524 699 606 751; x_wconf 93' lang='lat' dir='ltr'><strong>recto</strong></span> <span class='ocrx_word' id='word_1_33' title='bbox 629 690 808 751; x_wconf 81' lang='lat' dir='ltr'><strong>contendere</strong></span> <span class='ocrx_word' id='word_1_34' title='bbox 831 708 933 770; x_wconf 89' lang='lat' dir='ltr'><strong>cursu,</strong></span> 
     </span>
     <span class='ocr_line' id='line_1_7' title="bbox 156 777 951 857; baseline -0.001 -18"><span class='ocrx_word' id='word_1_35' title='bbox 156 778 261 856; x_wconf 89' lang='lat' dir='ltr'><strong>quidve</strong></span> <span class='ocrx_word' id='word_1_36' title='bbox 284 778 354 839; x_wconf 83' lang='lat' dir='ltr'><strong>mali</strong></span> <span class='ocrx_word' id='word_1_37' title='bbox 375 778 452 839; x_wconf 85' lang='lat' dir='ltr'><strong>soret</strong></span> <span class='ocrx_word' id='word_1_38' title='bbox 473 781 505 838; x_wconf 94' lang='lat' dir='ltr'><strong>in</strong></span> <span class='ocrx_word' id='word_1_39' title='bbox 527 778 617 839; x_wconf 88' lang='lat' dir='ltr'><strong>rebus</strong></span> <span class='ocrx_word' id='word_1_40' title='bbox 640 777 805 838; x_wconf 85' lang='lat' dir='ltr'><strong>mortalibu&#39;</strong></span> <span class='ocrx_word' id='word_1_41' title='bbox 826 780 951 857; x_wconf 85' lang='lat' dir='ltr'><strong>passim,</strong></span> 
     </span>
     <span class='ocr_line' id='line_1_8' title="bbox 103 865 783 945; baseline -0.009 -14"><span class='ocrx_word' id='word_1_42' title='bbox 103 883 137 932; x_wconf 80' lang='lat' dir='ltr'><strong>co</strong></span> <span class='ocrx_word' id='word_1_43' title='bbox 157 865 234 944; x_wconf 94' lang='lat' dir='ltr'><strong>quod</strong></span> <span class='ocrx_word' id='word_1_44' title='bbox 258 867 342 927; x_wconf 86' lang='lat' dir='ltr'><strong>fieret</strong></span> <span class='ocrx_word' id='word_1_45' title='bbox 364 867 491 928; x_wconf 82' lang='lat' dir='ltr'><strong>naturali</strong></span> <span class='ocrx_word' id='word_1_46' title='bbox 512 869 649 945; x_wconf 87' lang='lat' dir='ltr'><strong>varieque</strong></span> <span class='ocrx_word' id='word_1_47' title='bbox 672 866 783 926; x_wconf 83' lang='lat' dir='ltr'><strong>volaret</strong></span> 
     </span>
     <span class='ocr_line' id='line_1_9' title="bbox 156 955 906 1036; baseline -0.001 -22"><span class='ocrx_word' id='word_1_48' title='bbox 156 972 209 1014; x_wconf 92' lang='lat' dir='ltr'><strong>seu</strong></span> <span class='ocrx_word' id='word_1_49' title='bbox 232 973 302 1015; x_wconf 88' lang='lat' dir='ltr'><strong>cesu</strong></span> <span class='ocrx_word' id='word_1_50' title='bbox 325 973 379 1015; x_wconf 92' lang='lat' dir='ltr'><strong>seu</strong></span> <span class='ocrx_word' id='word_1_51' title='bbox 401 957 443 1036; x_wconf 91' lang='lat' dir='ltr'><strong>vi,</strong></span> <span class='ocrx_word' id='word_1_52' title='bbox 466 955 545 1034; x_wconf 91' lang='lat' dir='ltr'><strong>quod</strong></span> <span class='ocrx_word' id='word_1_53' title='bbox 567 957 611 1015; x_wconf 93' lang='lat' dir='ltr'><strong>sic</strong></span> <span class='ocrx_word' id='word_1_54' title='bbox 634 960 738 1015; x_wconf 86' lang='lat' dir='ltr'><strong>natura</strong></span> <span class='ocrx_word' id='word_1_55' title='bbox 760 959 906 1035; x_wconf 86' lang='lat' dir='ltr'><strong>parasset,</strong></span> 
     </span>
     <span class='ocr_line' id='line_1_10' title="bbox 156 1041 896 1124; baseline -0.001 -22"><span class='ocrx_word' id='word_1_56' title='bbox 156 1049 186 1102; x_wconf 94' lang='lat' dir='ltr'><strong>et</strong></span> <span class='ocrx_word' id='word_1_57' title='bbox 208 1041 315 1120; x_wconf 89' lang='lat' dir='ltr'><strong>quibus</strong></span> <span class='ocrx_word' id='word_1_58' title='bbox 338 1060 355 1103; x_wconf 94' lang='lat' dir='ltr'><strong>e</strong></span> <span class='ocrx_word' id='word_1_59' title='bbox 376 1042 471 1121; x_wconf 89' lang='lat' dir='ltr'><strong>portis</strong></span> <span class='ocrx_word' id='word_1_60' title='bbox 495 1045 611 1103; x_wconf 91' lang='lat' dir='ltr'><strong>occurri</strong></span> <span class='ocrx_word' id='word_1_61' title='bbox 634 1045 741 1120; x_wconf 90' lang='lat' dir='ltr'><strong>cuique</strong></span> <span class='ocrx_word' id='word_1_62' title='bbox 764 1042 896 1124; x_wconf 79' lang='lat' dir='ltr'><strong>deceret,</strong></span> 
     </span>
     <span class='ocr_line' id='line_1_11' title="bbox 156 1129 968 1208; baseline 0 -18"><span class='ocrx_word' id='word_1_63' title='bbox 156 1137 186 1191; x_wconf 87' lang='lat' dir='ltr'><strong>et</strong></span> <span class='ocrx_word' id='word_1_64' title='bbox 208 1147 301 1208; x_wconf 80' lang='lat' dir='ltr'><strong>genus</strong></span> <span class='ocrx_word' id='word_1_65' title='bbox 323 1130 484 1191; x_wconf 81' lang='lat' dir='ltr'><strong>humanum</strong></span> <span class='ocrx_word' id='word_1_66' title='bbox 505 1131 615 1191; x_wconf 84' lang='lat' dir='ltr'><strong>frustra</strong></span> <span class='ocrx_word' id='word_1_67' title='bbox 637 1129 810 1208; x_wconf 90' lang='lat' dir='ltr'><strong>plerumque</strong></span> <span class='ocrx_word' id='word_1_68' title='bbox 833 1130 968 1208; x_wconf 86' lang='lat' dir='ltr'><strong>probavit</strong></span> 
     </span>
     <span class='ocr_line' id='line_1_12' title="bbox 156 1217 882 1297; baseline 0.003 -21"><span class='ocrx_word' id='word_1_69' title='bbox 156 1217 271 1278; x_wconf 82' lang='lat' dir='ltr'><strong>volvere</strong></span> <span class='ocrx_word' id='word_1_70' title='bbox 295 1236 432 1279; x_wconf 85' lang='lat' dir='ltr'><strong>curarum</strong></span> <span class='ocrx_word' id='word_1_71' title='bbox 454 1220 550 1279; x_wconf 91' lang='lat' dir='ltr'><strong>tristis</strong></span> <span class='ocrx_word' id='word_1_72' title='bbox 572 1221 604 1278; x_wconf 93' lang='lat' dir='ltr'><strong>in</strong></span> <span class='ocrx_word' id='word_1_73' title='bbox 625 1225 745 1297; x_wconf 90' lang='lat' dir='ltr'><strong>pectore</strong></span> <span class='ocrx_word' id='word_1_74' title='bbox 768 1217 882 1278; x_wconf 83' lang='lat' dir='ltr'><strong>fluctus</strong></span> 
     </span>
     <span class='ocr_line' id='line_1_13' title="bbox 103 1305 965 1386; baseline -0.007 -15"><span class='ocrx_word' id='word_1_75' title='bbox 103 1322 138 1372; x_wconf 77' lang='lat' dir='ltr'><strong>eo</strong></span> <span class='ocrx_word' id='word_1_76' title='bbox 156 1324 224 1366; x_wconf 85' lang='lat' dir='ltr'><strong>nam</strong></span> <span class='ocrx_word' id='word_1_77' title='bbox 247 1305 337 1366; x_wconf 89' lang='lat' dir='ltr'><strong>veluti</strong></span> <span class='ocrx_word' id='word_1_78' title='bbox 359 1310 446 1385; x_wconf 94' lang='lat' dir='ltr'><strong>pueri</strong></span> <span class='ocrx_word' id='word_1_79' title='bbox 467 1307 616 1386; x_wconf 85' lang='lat' dir='ltr'><strong>trepident</strong></span> <span class='ocrx_word' id='word_1_80' title='bbox 639 1312 725 1384; x_wconf 82' lang='lat' dir='ltr'><strong>etque</strong></span> <span class='ocrx_word' id='word_1_81' title='bbox 749 1307 846 1365; x_wconf 87' lang='lat' dir='ltr'><strong>omnia</strong></span> <span class='ocrx_word' id='word_1_82' title='bbox 868 1307 965 1365; x_wconf 85' lang='lat' dir='ltr'><strong>caecis</strong></span> 
     </span>
     <span class='ocr_line' id='line_1_14' title="bbox 156 1393 959 1476; baseline -0.001 -22"><span class='ocrx_word' id='word_1_83' title='bbox 156 1396 188 1454; x_wconf 88' lang='lat' dir='ltr'><strong>in</strong></span> <span class='ocrx_word' id='word_1_84' title='bbox 210 1393 341 1454; x_wconf 90' lang='lat' dir='ltr'><strong>tenebris</strong></span> <span class='ocrx_word' id='word_1_85' title='bbox 363 1401 512 1476; x_wconf 91' lang='lat' dir='ltr'><strong>metuunt,</strong></span> <span class='ocrx_word' id='word_1_86' title='bbox 535 1397 579 1456; x_wconf 90' lang='lat' dir='ltr'><strong>sic</strong></span> <span class='ocrx_word' id='word_1_87' title='bbox 602 1413 656 1454; x_wconf 93' lang='lat' dir='ltr'><strong>nos</strong></span> <span class='ocrx_word' id='word_1_88' title='bbox 679 1396 710 1454; x_wconf 91' lang='lat' dir='ltr'><strong>in</strong></span> <span class='ocrx_word' id='word_1_89' title='bbox 732 1393 797 1455; x_wconf 91' lang='lat' dir='ltr'><strong>luce</strong></span> <span class='ocrx_word' id='word_1_90' title='bbox 820 1395 959 1454; x_wconf 87' lang='lat' dir='ltr'><strong>timemus</strong></span> 
     </span>
     <span class='ocr_line' id='line_1_15' title="bbox 157 1482 997 1562; baseline -0.001 -20"><span class='ocrx_word' id='word_1_91' title='bbox 157 1482 318 1562; x_wconf 89' lang='lat' dir='ltr'><strong>interdum,</strong></span> <span class='ocrx_word' id='word_1_92' title='bbox 341 1482 401 1542; x_wconf 90' lang='lat' dir='ltr'><strong>nilo</strong></span> <span class='ocrx_word' id='word_1_93' title='bbox 425 1501 499 1562; x_wconf 82' lang='lat' dir='ltr'><strong>quae</strong></span> <span class='ocrx_word' id='word_1_94' title='bbox 523 1490 592 1544; x_wconf 89' lang='lat' dir='ltr'><strong>sunt</strong></span> <span class='ocrx_word' id='word_1_95' title='bbox 613 1482 770 1542; x_wconf 87' lang='lat' dir='ltr'><strong>metuenda</strong></span> <span class='ocrx_word' id='word_1_96' title='bbox 792 1484 885 1560; x_wconf 77' lang='lat' dir='ltr'><strong>magis</strong></span> <span class='ocrx_word' id='word_1_97' title='bbox 909 1499 997 1560; x_wconf 64' lang='lat' dir='ltr'><strong>mem</strong></span> 
     </span>
     <span class='ocr_line' id='line_1_16' title="bbox 158 1569 1027 1649; baseline 0 -20"><span class='ocrx_word' id='word_1_98' title='bbox 158 1587 231 1649; x_wconf 85' lang='lat' dir='ltr'><strong>quae</strong></span> <span class='ocrx_word' id='word_1_99' title='bbox 254 1571 342 1648; x_wconf 87' lang='lat' dir='ltr'><strong>pueri</strong></span> <span class='ocrx_word' id='word_1_100' title='bbox 362 1572 394 1630; x_wconf 92' lang='lat' dir='ltr'><strong>in</strong></span> <span class='ocrx_word' id='word_1_101' title='bbox 416 1570 548 1631; x_wconf 87' lang='lat' dir='ltr'><strong>tenebris</strong></span> <span class='ocrx_word' id='word_1_102' title='bbox 571 1573 701 1649; x_wconf 81' lang='lat' dir='ltr'><strong>pavitant</strong></span> <span class='ocrx_word' id='word_1_103' title='bbox 723 1571 895 1648; x_wconf 80' lang='lat' dir='ltr'><strong>fingunth</strong></span> <span class='ocrx_word' id='word_1_104' title='bbox 919 1569 1027 1630; x_wconf 84' lang='lat' dir='ltr'><strong>sutura.</strong></span> 
     </span>
     <span class='ocr_line' id='line_1_17' title="bbox 58 1657 1021 1736; baseline 0.002 -20"><span class='ocrx_word' id='word_1_105' title='bbox 58 1658 61 1663; x_wconf 88' lang='grc'><strong>’</strong></span> <span class='ocrx_word' id='word_1_106' title='bbox 157 1657 236 1717; x_wconf 94' lang='lat' dir='ltr'><strong>hunc</strong></span> <span class='ocrx_word' id='word_1_107' title='bbox 258 1660 349 1736; x_wconf 84' lang='lat' dir='ltr'><strong>igitur</strong></span> <span class='ocrx_word' id='word_1_108' title='bbox 371 1665 516 1718; x_wconf 90' lang='lat' dir='ltr'><strong>terrorem</strong></span> <span class='ocrx_word' id='word_1_109' title='bbox 539 1660 631 1718; x_wconf 87' lang='lat' dir='ltr'><strong>enimi</strong></span> <span class='ocrx_word' id='word_1_110' title='bbox 651 1657 847 1736; x_wconf 82' lang='lat' dir='ltr'><strong>tenebrasque</strong></span> <span class='ocrx_word' id='word_1_111' title='bbox 869 1665 1021 1718; x_wconf 87' lang='lat' dir='ltr'><strong>necessest</strong></span> 
     </span>
     <span class='ocr_line' id='line_1_18' title="bbox 104 1744 769 1810; baseline -0.008 0"><span class='ocrx_word' id='word_1_112' title='bbox 104 1762 139 1810; x_wconf 84' lang='grc' dir='ltr'><strong>4ο</strong></span> <span class='ocrx_word' id='word_1_113' title='bbox 158 1763 217 1805; x_wconf 92' lang='lat' dir='ltr'><strong>non</strong></span> <span class='ocrx_word' id='word_1_114' title='bbox 239 1745 316 1805; x_wconf 86' lang='lat' dir='ltr'><strong>redii</strong></span> <span class='ocrx_word' id='word_1_115' title='bbox 339 1744 410 1806; x_wconf 89' lang='lat' dir='ltr'><strong>solis</strong></span> <span class='ocrx_word' id='word_1_116' title='bbox 433 1763 488 1807; x_wconf 90' lang='lat' dir='ltr'><strong>nec</strong></span> <span class='ocrx_word' id='word_1_117' title='bbox 509 1745 607 1806; x_wconf 87' lang='lat' dir='ltr'><strong>lucida</strong></span> <span class='ocrx_word' id='word_1_118' title='bbox 629 1746 687 1806; x_wconf 86' lang='lat' dir='ltr'><strong>tela</strong></span> <span class='ocrx_word' id='word_1_119' title='bbox 709 1747 769 1806; x_wconf 94' lang='lat' dir='ltr'><strong>diei</strong></span> 
     </span>
     <span class='ocr_line' id='line_1_19' title="bbox 158 1833 852 1914; baseline 0.001 -21"><span class='ocrx_word' id='word_1_120' title='bbox 158 1835 330 1914; x_wconf 86' lang='lat' dir='ltr'><strong>discutient,</strong></span> <span class='ocrx_word' id='word_1_121' title='bbox 352 1833 405 1894; x_wconf 93' lang='lat' dir='ltr'><strong>sed</strong></span> <span class='ocrx_word' id='word_1_122' title='bbox 427 1841 548 1895; x_wconf 85' lang='lat' dir='ltr'><strong>naturae</strong></span> <span class='ocrx_word' id='word_1_123' title='bbox 572 1836 686 1913; x_wconf 90' lang='lat' dir='ltr'><strong>species</strong></span> <span class='ocrx_word' id='word_1_124' title='bbox 709 1836 852 1911; x_wconf 86' lang='lat' dir='ltr'><strong>ratioque.</strong></span> 
     </span>
     <span class='ocr_line' id='line_1_20' title="bbox 158 1922 941 2001; baseline 0.003 -21"><span class='ocrx_word' id='word_1_125' title='bbox 158 1939 216 2001; x_wconf 93' lang='lat' dir='ltr'><strong>quo</strong></span> <span class='ocrx_word' id='word_1_126' title='bbox 239 1922 332 1999; x_wconf 86' lang='lat' dir='ltr'><strong>magis</strong></span> <span class='ocrx_word' id='word_1_127' title='bbox 354 1923 506 2000; x_wconf 91' lang='lat' dir='ltr'><strong>inceptum</strong></span> <span class='ocrx_word' id='word_1_128' title='bbox 527 1941 648 2001; x_wconf 84' lang='lat' dir='ltr'><strong>pergam</strong></span> <span class='ocrx_word' id='word_1_129' title='bbox 669 1928 824 2001; x_wconf 83' lang='lat' dir='ltr'><strong>pertexere</strong></span> <span class='ocrx_word' id='word_1_130' title='bbox 846 1922 941 1982; x_wconf 91' lang='lat' dir='ltr'><strong>dictis.</strong></span> 
     </span>
     <span class='ocr_line' id='line_1_21' title="bbox 201 2009 921 2087; baseline 0.001 -19"><span class='ocrx_word' id='word_1_131' title='bbox 201 2009 239 2070; x_wconf 88' lang='lat' dir='ltr'><strong>Et</strong></span> <span class='ocrx_word' id='word_1_132' title='bbox 261 2011 399 2087; x_wconf 86' lang='lat' dir='ltr'><strong>quoniam</strong></span> <span class='ocrx_word' id='word_1_133' title='bbox 422 2009 510 2071; x_wconf 93' lang='lat' dir='ltr'><strong>docui</strong></span> <span class='ocrx_word' id='word_1_134' title='bbox 531 2011 634 2071; x_wconf 93' lang='lat' dir='ltr'><strong>mundi</strong></span> <span class='ocrx_word' id='word_1_135' title='bbox 656 2009 790 2070; x_wconf 82' lang='lat' dir='ltr'><strong>mortalia</strong></span> <span class='ocrx_word' id='word_1_136' title='bbox 812 2009 921 2087; x_wconf 87' lang='lat' dir='ltr'><strong>templa</strong></span> 
     </span>
     <span class='ocr_line' id='line_1_22' title="bbox 158 2096 916 2177; baseline -0.003 -19"><span class='ocrx_word' id='word_1_137' title='bbox 158 2116 224 2158; x_wconf 87' lang='lat' dir='ltr'><strong>esse</strong></span> <span class='ocrx_word' id='word_1_138' title='bbox 247 2098 277 2160; x_wconf 80' lang='lat' dir='ltr'><strong>ct</strong></span> <span class='ocrx_word' id='word_1_139' title='bbox 296 2100 394 2158; x_wconf 87' lang='lat' dir='ltr'><strong>nativo</strong></span> <span class='ocrx_word' id='word_1_140' title='bbox 417 2100 579 2160; x_wconf 89' lang='lat' dir='ltr'><strong>consistere</strong></span> <span class='ocrx_word' id='word_1_141' title='bbox 603 2115 726 2177; x_wconf 91' lang='lat' dir='ltr'><strong>corpore</strong></span> <span class='ocrx_word' id='word_1_142' title='bbox 749 2096 875 2177; x_wconf 85' lang='lat' dir='ltr'><strong>caelum,</strong></span> <span class='ocrx_word' id='word_1_143' title='bbox 913 2116 916 2120; x_wconf 89' lang='lat'>·</span> 
     </span>
     <span class='ocr_line' id='line_1_23' title="bbox 105 2187 942 2265; baseline -0.007 -14"><span class='ocrx_word' id='word_1_144' title='bbox 105 2201 141 2251; x_wconf 83' lang='lat'><strong>45</strong></span> <span class='ocrx_word' id='word_1_145' title='bbox 159 2193 189 2246; x_wconf 93' lang='lat' dir='ltr'><strong>et</strong></span> <span class='ocrx_word' id='word_1_146' title='bbox 211 2203 412 2265; x_wconf 82' lang='lat' dir='ltr'><strong>quaecumque</strong></span> <span class='ocrx_word' id='word_1_147' title='bbox 435 2188 468 2249; x_wconf 90' lang='lat' dir='ltr'><strong>in</strong></span> <span class='ocrx_word' id='word_1_148' title='bbox 490 2205 525 2247; x_wconf 90' lang='lat' dir='ltr'><strong>eo</strong></span> <span class='ocrx_word' id='word_1_149' title='bbox 547 2188 622 2247; x_wconf 86' lang='lat' dir='ltr'><strong>fiunt</strong></span> <span class='ocrx_word' id='word_1_150' title='bbox 644 2187 767 2264; x_wconf 87' lang='lat' dir='ltr'><strong>fierique</strong></span> <span class='ocrx_word' id='word_1_151' title='bbox 790 2192 942 2246; x_wconf 89' lang='lat' dir='ltr'><strong>necessest</strong></span> 
     </span>
     <span class='ocr_line' id='line_1_24' title="bbox 598 2294 669 2332; baseline 0 -7"><span class='ocrx_word' id='word_1_152' title='bbox 598 2294 616 2332; x_wconf 58' lang='grc' dir='ltr'><em>ὴ</em></span> <span class='ocrx_word' id='word_1_153' title='bbox 666 2318 669 2325; x_wconf 89' lang='grc'>.</span> 
     </span>
     <span class='ocr_line' id='line_1_25' title="bbox 157 2361 943 2444; baseline -0.001 -23"><span class='ocrx_word' id='word_1_154' title='bbox 157 2361 297 2441; x_wconf 84' lang='lat' dir='ltr'><strong>pleraque</strong></span> <span class='ocrx_word' id='word_1_155' title='bbox 321 2363 458 2444; x_wconf 89' lang='lat' dir='ltr'><strong>dissolui,</strong></span> <span class='ocrx_word' id='word_1_156' title='bbox 481 2381 554 2442; x_wconf 83' lang='lat' dir='ltr'><strong>quoe</strong></span> <span class='ocrx_word' id='word_1_157' title='bbox 577 2369 691 2423; x_wconf 84' lang='lat' dir='ltr'><strong>restent</strong></span> <span class='ocrx_word' id='word_1_158' title='bbox 712 2364 832 2440; x_wconf 91' lang='lat' dir='ltr'><strong>percipe</strong></span> <span class='ocrx_word' id='word_1_159' title='bbox 854 2378 943 2439; x_wconf 93' lang='lat' dir='ltr'><strong>porro</strong></span> 
     </span>
     <span class='ocr_line' id='line_1_26' title="bbox 158 2449 1070 2531; baseline 0 -22"><span class='ocrx_word' id='word_1_160' title='bbox 158 2468 166 2531; x_wconf 68' lang='lat'><strong>3¹</strong></span> <span class='ocrx_word' id='word_1_161' title='bbox 181 2450 417 2528; x_wconf 88' lang='lat' dir='ltr'><strong>quandoquidem</strong></span> <span class='ocrx_word' id='word_1_162' title='bbox 441 2451 533 2510; x_wconf 94' lang='lat' dir='ltr'><strong>semel</strong></span> <span class='ocrx_word' id='word_1_163' title='bbox 555 2453 702 2528; x_wconf 85' lang='lat' dir='ltr'><strong>insignem</strong></span> <span class='ocrx_word' id='word_1_164' title='bbox 725 2449 924 2510; x_wconf 85' lang='lat' dir='ltr'><strong>conscendere</strong></span> <span class='ocrx_word' id='word_1_165' title='bbox 948 2466 1070 2509; x_wconf 89' lang='lat' dir='ltr'><strong>currum</strong></span> 
     </span>
     <span class='ocr_line' id='line_1_27' title="bbox 598 2557 616 2596; baseline 0 0"><span class='ocrx_word' id='word_1_166' title='bbox 598 2557 616 2596; x_wconf 65' lang='lat' dir='ltr'><strong>e</strong></span> 
     </span>
     <span class='ocr_line' id='line_1_28' title="bbox 598 2531 894 2684; baseline 0 -65"><span class='ocrx_word' id='word_1_167' title='bbox 598 2644 616 2684; x_wconf 55' lang='lat'>*</span> <span class='ocrx_word' id='word_1_168' title='bbox 884 2531 894 2619; x_wconf 87' lang='lat' dir='ltr'><strong>t</strong></span> 
     </span>
     <span class='ocr_line' id='line_1_29' title="bbox 159 2713 970 2795; baseline 0.001 -24"><span class='ocrx_word' id='word_1_169' title='bbox 159 2718 314 2772; x_wconf 87' lang='lat' dir='ltr'><strong>ventorum</strong></span> <span class='ocrx_word' id='word_1_170' title='bbox 337 2715 477 2795; x_wconf 82' lang='lat' dir='ltr'><strong>existant,</strong></span> <span class='ocrx_word' id='word_1_171' title='bbox 498 2713 653 2792; x_wconf 83' lang='lat' dir='ltr'><strong>placentur</strong></span> <span class='ocrx_word' id='word_1_172' title='bbox 674 2721 708 2774; x_wconf 93' lang='lat' dir='ltr'><strong>ut</strong></span> <span class='ocrx_word' id='word_1_173' title='bbox 731 2715 827 2773; x_wconf 80' lang='lat' dir='ltr'><strong>omnie</strong></span> <span class='ocrx_word' id='word_1_174' title='bbox 850 2731 970 2773; x_wconf 91' lang='lat' dir='ltr'><strong>rursum</strong></span> 
     </span>
     <span class='ocr_line' id='line_1_30' title="bbox 598 2821 615 2859; baseline 0 0"><span class='ocrx_word' id='word_1_175' title='bbox 598 2821 615 2859; x_wconf 67' lang='lat' dir='ltr'><strong>e</strong></span> 
     </span>
     <span class='ocr_line' id='line_1_31' title="bbox 160 2888 893 2969; baseline -0.001 -20"><span class='ocrx_word' id='word_1_176' title='bbox 160 2906 234 2967; x_wconf 89' lang='lat' dir='ltr'><strong>quee</strong></span> <span class='ocrx_word' id='word_1_177' title='bbox 257 2888 380 2969; x_wconf 85' lang='lat' dir='ltr'><strong>suerint,</strong></span> <span class='ocrx_word' id='word_1_178' title='bbox 404 2891 464 2950; x_wconf 92' lang='lat' dir='ltr'><strong>sint</strong></span> <span class='ocrx_word' id='word_1_179' title='bbox 485 2889 598 2968; x_wconf 82' lang='lat' dir='ltr'><strong>placeto</strong></span> <span class='ocrx_word' id='word_1_180' title='bbox 622 2907 763 2950; x_wconf 87' lang='lat' dir='ltr'><strong>converse</strong></span> <span class='ocrx_word' id='word_1_181' title='bbox 785 2889 893 2948; x_wconf 87' lang='lat' dir='ltr'><strong>furore.</strong></span> 
     </span>
     <span class='ocr_line' id='line_1_32' title="bbox 598 2998 616 3036; baseline 0 0"><span class='ocrx_word' id='word_1_182' title='bbox 598 2998 616 3036; x_wconf 73' lang='lat' dir='ltr'><strong>e</strong></span> 
     </span>
     <span class='ocr_line' id='line_1_33' title="bbox 109 3065 914 3144; baseline -0.006 -15"><span class='ocrx_word' id='word_1_183' title='bbox 109 3081 141 3131; x_wconf 85' lang='lat'><strong>50</strong></span> <span class='ocrx_word' id='word_1_184' title='bbox 160 3072 258 3125; x_wconf 83' lang='lat' dir='ltr'><strong>cetere</strong></span> <span class='ocrx_word' id='word_1_185' title='bbox 281 3083 355 3144; x_wconf 82' lang='lat' dir='ltr'><strong>quae</strong></span> <span class='ocrx_word' id='word_1_186' title='bbox 378 3066 445 3125; x_wconf 87' lang='lat' dir='ltr'><strong>tieri</strong></span> <span class='ocrx_word' id='word_1_187' title='bbox 467 3067 498 3125; x_wconf 93' lang='lat' dir='ltr'><strong>in</strong></span> <span class='ocrx_word' id='word_1_188' title='bbox 520 3065 771 3144; x_wconf 86' lang='lat' dir='ltr'><strong>terriscaeloque</strong></span> <span class='ocrx_word' id='word_1_189' title='bbox 793 3070 914 3124; x_wconf 86' lang='lat' dir='ltr'><strong>tuentur</strong></span> 
     </span>
     <span class='ocr_line' id='line_1_34' title="bbox 159 3152 979 3233; baseline -0.001 -20"><span class='ocrx_word' id='word_1_190' title='bbox 159 3152 312 3233; x_wconf 85' lang='lat' dir='ltr'><strong>mortales,</strong></span> <span class='ocrx_word' id='word_1_191' title='bbox 334 3152 448 3231; x_wconf 84' lang='lat' dir='ltr'><strong>peridis</strong></span> <span class='ocrx_word' id='word_1_192' title='bbox 472 3171 539 3214; x_wconf 91' lang='lat' dir='ltr'><strong>cum</strong></span> <span class='ocrx_word' id='word_1_193' title='bbox 561 3154 692 3232; x_wconf 90' lang='lat' dir='ltr'><strong>pendent</strong></span> <span class='ocrx_word' id='word_1_194' title='bbox 713 3152 855 3213; x_wconf 85' lang='lat' dir='ltr'><strong>mentibu&#39;</strong></span> <span class='ocrx_word' id='word_1_195' title='bbox 878 3170 979 3232; x_wconf 82' lang='lat' dir='ltr'><strong>saepe,</strong></span> 
     </span>
     <span class='ocr_line' id='line_1_35' title="bbox 159 3240 943 3302; baseline -0.001 -1"><span class='ocrx_word' id='word_1_196' title='bbox 159 3240 231 3301; x_wconf 84' lang='lat' dir='ltr'><strong>haec</strong></span> <span class='ocrx_word' id='word_1_197' title='bbox 254 3241 367 3301; x_wconf 83' lang='lat' dir='ltr'><strong>iaciunt</strong></span> <span class='ocrx_word' id='word_1_198' title='bbox 389 3243 502 3302; x_wconf 85' lang='lat' dir='ltr'><strong>animos</strong></span> <span class='ocrx_word' id='word_1_199' title='bbox 524 3241 644 3302; x_wconf 93' lang='lat' dir='ltr'><strong>humilis</strong></span> <span class='ocrx_word' id='word_1_200' title='bbox 667 3241 823 3301; x_wconf 89' lang='lat' dir='ltr'><strong>iormidine</strong></span> <span class='ocrx_word' id='word_1_201' title='bbox 847 3240 943 3300; x_wconf 88' lang='lat' dir='ltr'><strong>divom</strong></span> 
     </span>
     <span class='ocr_line' id='line_1_36' title="bbox 160 3327 1009 3408; baseline -0.001 -20"><span class='ocrx_word' id='word_1_202' title='bbox 160 3329 375 3408; x_wconf 91' lang='lat' dir='ltr'><strong>depressosque</strong></span> <span class='ocrx_word' id='word_1_203' title='bbox 397 3336 537 3408; x_wconf 90' lang='lat' dir='ltr'><strong>premunt</strong></span> <span class='ocrx_word' id='word_1_204' title='bbox 560 3330 595 3390; x_wconf 84' lang='lat' dir='ltr'><strong>ed</strong></span> <span class='ocrx_word' id='word_1_205' title='bbox 618 3335 729 3389; x_wconf 85' lang='lat' dir='ltr'><strong>terrem</strong></span> <span class='ocrx_word' id='word_1_206' title='bbox 751 3335 908 3407; x_wconf 82' lang='lat' dir='ltr'><strong>propterea</strong></span> <span class='ocrx_word' id='word_1_207' title='bbox 931 3327 1009 3407; x_wconf 94' lang='lat' dir='ltr'><strong>quod</strong></span> 
     </span>
     <span class='ocr_line' id='line_1_37' title="bbox 160 3417 806 3496; baseline 0 -20"><span class='ocrx_word' id='word_1_208' title='bbox 160 3419 325 3496; x_wconf 77' lang='lat' dir='ltr'><strong>ignorantie</strong></span> <span class='ocrx_word' id='word_1_209' title='bbox 349 3435 503 3478; x_wconf 82' lang='lat' dir='ltr'><strong>censorum</strong></span> <span class='ocrx_word' id='word_1_210' title='bbox 526 3417 660 3478; x_wconf 86' lang='lat' dir='ltr'><strong>conferre</strong></span> <span class='ocrx_word' id='word_1_211' title='bbox 684 3417 806 3477; x_wconf 89' lang='lat' dir='ltr'><strong>deorum</strong></span> 
     </span>
     <span class='ocr_line' id='line_1_38' title="bbox 94 3504 945 3589; baseline -0.008 -20"><span class='ocrx_word' id='word_1_212' title='bbox 94 3520 132 3569; x_wconf 76' lang='lat'><strong>55</strong></span> <span class='ocrx_word' id='word_1_213' title='bbox 152 3508 234 3585; x_wconf 78' lang='lat' dir='ltr'><strong>cogit</strong></span> <span class='ocrx_word' id='word_1_214' title='bbox 255 3505 294 3567; x_wconf 84' lang='lat' dir='ltr'><strong>ed</strong></span> <span class='ocrx_word' id='word_1_215' title='bbox 318 3507 482 3589; x_wconf 90' lang='lat' dir='ltr'><strong>imperium</strong></span> <span class='ocrx_word' id='word_1_216' title='bbox 503 3524 554 3568; x_wconf 87' lang='lat' dir='ltr'><strong>res</strong></span> <span class='ocrx_word' id='word_1_217' title='bbox 577 3513 608 3568; x_wconf 91' lang='lat' dir='ltr'><strong>et</strong></span> <span class='ocrx_word' id='word_1_218' title='bbox 630 3504 792 3568; x_wconf 87' lang='lat' dir='ltr'><strong>concedere</strong></span> <span class='ocrx_word' id='word_1_219' title='bbox 811 3522 945 3581; x_wconf 64' lang='lat' dir='ltr'><strong>reguum.</strong></span> 
     </span>
    </p>
   </div>
   <div class='ocr_carea' id='block_1_3' title="bbox 0 0 1220 3878">
    <p class='ocr_par' dir='ltr' id='par_1_3' title="bbox 0 0 1220 3878">
     <span class='ocr_line' id='line_1_39' title="bbox 0 0 1220 3878; baseline 0 0"><span class='ocrx_word' id='word_1_220' title='bbox 0 0 1220 3878; x_wconf 95' lang='lat' dir='ltr'><strong> </strong></span> 
     </span>
    </p>
   </div>
  </div>
 </body>
</html>
