2430 3878
97 132 142 198 50
582 130 610 187 ΙΙ

170 299 243 360 quae
266 280 342 340 bene
366 286 395 340 et
418 282 524 341 eximie
548 282 681 358 quamvis
705 280 837 358 disposta
860 280 1011 362 serantur,

99 385 154 436 646
167 369 253 447 longe
278 375 346 429 suut
368 375 467 428 tamen
490 387 506 428 a
529 387 597 429 vera
620 370 733 428 ratione
756 368 881 446 repulsa.

99 459 265 523 ciconnis
289 459 367 517 enim
389 475 444 536 per
467 473 499 516 se
522 457 620 516 divom
643 464 747 517 natura
769 464 921 517 necessest
1071 470 1110 512 eea

169 545 319 606 inmortali
341 563 411 605 aevo
436 563 549 605 summa
572 563 640 605 cum
662 563 734 624 pace
758 545 872 605 fruatur

171 641 281 694 semota
304 632 340 694 ah
363 635 473 693 nostris
496 632 585 693 rebus
609 636 798 711 seiunctaque
822 632 921 711 longe:

169 741 237 785 nam
259 725 372 801 privata
395 719 495 780 dolore
520 724 613 802 omni,
635 724 747 801 privata
769 720 903 801 periclis,

100 827 154 878 666
168 813 233 889 ipsa
256 813 318 870 suis
340 809 453 888 pollens
477 809 595 890 opilius,
618 809 660 869 nil
683 810 782 887 indiga
805 811 912 889 nostri,
1068 824 1110 865 eso

99 898 323 964 6506661666
346 899 516 976 promeritis
539 900 653 976 capitur
676 916 772 976 neque
795 899 925 976 tangitur
948 899 1001 958 ira.

100 987 219 1054 6651616
242 988 336 1065 siquis
359 1004 440 1046 mare
463 985 632 1065 Neptunum
655 985 853 1065 Cereremque
875 1003 981 1046 vocare
1067 1001 1108 1041 666

171 1077 322 1135 coustituit
344 1074 444 1153 fruges
468 1081 497 1134 et
519 1074 626 1135 Bacchi
649 1077 767 1134 nomine
791 1074 872 1134 abuti

169 1163 277 1223 mavolt
300 1181 387 1241 quam
411 1162 506 1223 laticis
528 1165 682 1242 proprium
704 1162 837 1241 prolerre
860 1180 1016 1243 vocamen,

170 1250 365 1312 concedamus
388 1257 422 1310 ut
443 1250 492 1310 hic
514 1258 662 1311 terrarum
685 1251 800 1311 dictitet
823 1248 925 1310 orbem

101 1357 151 1408 666
171 1358 235 1400 csse
259 1338 347 1399 deum
369 1345 507 1418 matrem,
530 1339 600 1398 dum
622 1357 692 1399 vera
714 1357 746 1399 re
770 1345 868 1398 tamen
890 1340 954 1417 ipse
1066 1353 1107 1394 aaa

101 1445 155 1496 666
170 1425 312 1505 religione
335 1429 466 1486 animum
487 1429 568 1506 turpi
591 1429 761 1505 contingere
781 1433 889 1506 parcat.
1066 1441 1107 1481 eso

101 1531 156 1584 666
216 1515 306 1574 Τ6666
329 1514 448 1593 quidem
470 1532 539 1574 vero
563 1521 644 1575 caret
666 1518 901 1593 omnitempore
925 1533 1029 1597 sensu,
1066 1529 1107 1570 666

171 1610 201 1663 et
223 1604 291 1681 quia
314 1601 472 1662 multarum
494 1604 606 1681 potitur
627 1603 789 1682 primordia
812 1620 924 1682 rerum,

171 1689 262 1750 multa
284 1689 379 1749 modis
402 1689 502 1750 multis
526 1690 611 1750 ellert
632 1693 664 1750 in
686 1690 797 1751 lumina
820 1690 899 1750 solis.
1065 1705 1106 1745 eor

102 1796 153 1845 666
172 1797 259 1858 saepe
282 1780 381 1856 itaque
405 1797 441 1838 ex
463 1796 522 1838 nuo
545 1779 700 1839 tondentes
724 1780 855 1857 gramina
878 1796 981 1857 campo
1066 1794 1107 1834 666

171 1866 318 1944 lanigerae
341 1866 470 1944 pecudes
494 1873 524 1926 et
546 1885 689 1945 equorum
713 1866 837 1927 duellica
859 1865 957 1945 proles

171 1955 368 2032 buceriaeque
391 1972 496 2033 greges
519 1955 622 2014 eodem
646 1955 700 2015 sub
723 1957 851 2033 tegmine
875 1953 949 2014 caeli

172 2061 209 2103 ex
230 2060 348 2121 unoque
372 2044 452 2102 sitim
475 2043 611 2103 sedantes
635 2043 754 2103 flumine
778 2044 864 2122 aquai

102 2146 157 2197 665
173 2129 311 2190 dissimili
334 2131 432 2190 vivont
455 2133 552 2209 specie
576 2133 763 2210 retinentque
788 2137 944 2210 parentum
1066 2145 1107 2186 666

101 2233 153 2284 665
172 2226 306 2279 naturam
329 2225 359 2279 et
380 2236 479 2278 mores
502 2222 663 2297 generatim
687 2237 818 2298 quaeque
842 2221 1003 2280 imitantur.

171 2313 280 2367 tantast
302 2309 334 2367 iu
357 2309 460 2385 quovis
483 2325 590 2386 genere
613 2307 722 2367 herbae
745 2309 879 2367 materiai

173 2393 326 2456 dissimilis
349 2397 437 2475 ratio,
459 2402 568 2456 tantast
590 2398 620 2455 in
644 2396 763 2456 ilumiue
787 2414 912 2474 quoque.

171 2483 241 2542 hinc
263 2500 351 2561 porro
375 2485 507 2562 quamvis
530 2486 707 2544 animantem
731 2502 767 2544 ex
790 2483 927 2543 omnihus
950 2502 1040 2545 uuam

103 2587 157 2637 670
172 2589 238 2630 ossa
262 2587 349 2629 cruor
371 2589 461 2630 venae
485 2569 564 2631 calor
586 2589 671 2632 umor
693 2573 808 2631 viscera
830 2574 914 2631 nervi

103 2674 154 2724 670
173 2659 367 2737 constituunt,
391 2676 464 2736 quae
489 2665 558 2718 sunt
578 2678 667 2738 porro
691 2660 827 2720 distantia
849 2660 948 2740 longe,
1067 2676 1110 2716 ero

173 2745 310 2806 dissimili
332 2745 461 2824 perlecta
484 2746 577 2824 figura
599 2749 822 2826 principiorum.

173 2839 235 2893 tum
257 2851 346 2913 porro
369 2852 570 2913 quaecumque
594 2837 656 2913 igni
678 2836 823 2896 flammata
847 2842 1029 2917 cremantur,

174 2924 200 2981 si
222 2921 264 2981 nil
285 2929 450 3002 praeterea,
473 2929 571 2983 tamen
594 2923 666 2983 haee
689 2927 720 2984 in
744 2942 867 3003 corpore
891 2924 999 3004 celant,

104 3026 158 3077 675
173 3009 252 3070 uude
275 3012 373 3088 iguem
395 3012 493 3071 iacere
516 3018 546 3071 et
568 3011 667 3071 lumen
691 3015 874 3072 summittere
897 3015 1015 3091 possint

104 3112 154 3162 676
174 3097 373 3176 scintillasque
396 3117 482 3177 agere
505 3118 539 3159 ac
562 3099 618 3160 late
642 3100 760 3160 differre
784 3099 918 3179 favillam.
1067 3115 1109 3156 cu

173 3193 271 3246 cetera
293 3187 440 3246 consimili
462 3190 570 3248 mentis
593 3190 705 3248 ratione
728 3206 888 3267 peragrans

172 3274 303 3334 iuvenies
325 3275 416 3351 igitur
438 3274 596 3336 multarum
621 3279 732 3337 semina
754 3295 856 3337 rerum

173 3378 296 3439 corpore
322 3361 416 3422 celare
441 3369 471 3422 et
492 3365 586 3423 varias
610 3365 747 3425 cohihere
771 3366 888 3442 figuras.

103 3464 158 3517 666
173 3450 300 3529 denique
322 3448 413 3509 multa
435 3449 526 3531 vides,
551 3452 657 3530 quibus
682 3460 711 3513 et
734 3452 814 3513 color
837 3460 867 3514 et
890 3472 977 3533 sapor
994 3473 1053 3515 una
1067 3467 1106 3508 6⁷⁹
