2430 3878
556 173 583 228 V
1002 171 1071 236 '135

134 319 213 381 haud
236 321 327 398 igitur
349 325 485 379 constant
506 320 605 382 divino
627 321 761 400 praedita
784 339 886 402 sensu,

64 423 115 475 135
136 407 374 487 quandoquidem
397 415 548 485 nequeunt
570 407 698 469 vitaliter
720 427 786 470 esse
809 412 943 470 animata.
1032 429 1071 470 145

61 513 138 563 146.
177 496 252 556 lflud
275 498 347 556 item
370 512 429 555 nou
453 502 498 556 est
521 503 553 556 ut
575 500 672 575 possis
696 497 830 580 credere,
855 498 940 559 sedes

136 603 203 645 esse
226 585 315 645 deum
338 590 454 644 sanetas
477 586 509 644 in
530 585 634 645 mundi
656 585 789 664 partibus
811 585 889 647 ullis.

135 675 230 733 tenvis
254 675 334 733 euim
358 678 460 733 natura
484 673 570 732 deum
594 673 737 752 longeque
761 682 873 735 remota

128 761 273 822 sensibus
297 760 333 820 ab
356 762 467 820 nostris
491 763 582 820 animi
603 763 652 820 vix
674 768 772 822 mente
796 762 924 842 videtur3

68 865 210 929 1455555
234 851 372 928 quoniam
395 866 535 908 manuum
556 856 667 910 tautum
691 851 811 928 suffugit
833 860 863 911 et
886 853 990 931 iotum,
1032 871 1070 912 aso

67 953 119 1003 151
134 936 233 999 tactile
256 937 299 998 nil
321 936 407 997 nobis
431 937 509 1016 quod
533 939 573 996 sit
596 939 766 1016 contingere
790 937 889 998 debet:

134 1033 255 1104 tangere
279 1028 358 1086 enim
382 1043 441 1086 non
464 1026 528 1103 quit
551 1025 629 1103 quod
651 1029 732 1104 tangi
754 1044 813 1086 555
837 1025 906 1087 lieet
928 1028 1034 1104 ipsum.

139 1132 227 1192 quare
250 1117 338 1174 etiam
362 1113 447 1173 sedes
472 1131 587 1192 quoque
611 1116 720 1174 uostris
744 1114 865 1174 sedibus
888 1132 954 1174 esse

138 1201 295 1263 dissimiles
318 1201 438 1281 debent,
461 1208 566 1261 tenues
588 1219 642 1280 pro
666 1220 788 1282 corpore
813 1220 929 1283 eorum3

67 1305 120 1354 145
139 1309 210 1368 quae
233 1290 288 1351 tibi
310 1293 459 1369 posterius
481 1288 561 1367 largo
585 1308 721 1351 sermone
743 1289 882 1370 probabo.
1031 1311 1070 1353 155

65 1392 122 1444 156
138 1378 235 1439 dioere
258 1397 348 1457 porro
370 1378 523 1438 hominum
545 1396 632 1438 eausa
654 1377 782 1439 voluisse
807 1397 911 1458 parare

137 1467 316 1545 praeclaram
339 1466 442 1526 muudi
464 1472 612 1545 naturam,
634 1473 848 1546 proptereaque

138 1552 318 1615 adlaudabile
342 1572 416 1633 opus
439 1553 537 1614 divom
559 1552 677 1615 laudare
701 1555 806 1616 decere

139 1649 347 1721 aeternumque
370 1649 475 1722 putare
498 1650 585 1721 atque
607 1643 762 1704 inmortale
785 1643 931 1723 futurum,

66 1744 120 1796 150
137 1748 193 1791 nee
215 1731 259 1790 fas
281 1749 360 1811 esse,
384 1730 471 1791 deum
495 1731 572 1810 quod
596 1733 634 1791 sit
657 1735 770 1792 ratione
792 1739 907 1793 vetusta
1031 1754 1070 1794 555

64 1834 120 1885 161
138 1818 275 1897 gentibus
296 1820 433 1879 humanis
456 1818 609 1879 fundatum
631 1830 774 1899 perpetuo
797 1838 881 1901 aevo,

139 1905 296 1967 sollicitare
319 1909 381 1967 suis
404 1906 462 1967 ulla
484 1909 514 1967 ri
536 1925 572 1966 ex
595 1907 715 1968 sedibus
737 1925 890 1990 umquam,

139 2013 193 2055 nee
215 1994 314 2055 verbis
337 2013 442 2055 vexare
466 2000 496 2054 et
518 1994 552 2054 ab
576 1997 635 2055 imo
658 2005 790 2056 evertere
814 2015 941 2077 summa,

139 2089 237 2143 cetera
260 2083 297 2144 de
320 2101 428 2161 genere
450 2082 506 2142 hoo
529 2083 676 2161 adfingere
699 2089 729 2143 et
752 2083 874 2165 addere,
896 2085 1027 2164 Memmi,

66 2186 119 2236 155
139 2171 312 2250 desiperest.
349 2170 418 2249 quid
442 2172 521 2231 enim
543 2169 748 2230 inmortalibus
771 2178 858 2251 atque
881 2171 975 2232 beatis
1031 2194 1070 2234 555

66 2275 123 2324 156
138 2262 230 2337 gratia
252 2266 353 2319 nostra
376 2264 464 2337 queat
487 2257 622 2336 largirier
644 2257 847 2339 emolumenti,

138 2354 172 2407 ut
193 2354 294 2407 nostra
317 2350 474 2425 quicquam
497 2364 583 2406 eausa
605 2364 709 2424 gerere
733 2344 962 2425 adgrediamur?

140 2435 245 2515 quidve
268 2438 337 2495 novi
359 2437 455 2515 potuit
477 2441 557 2494 tanto
579 2443 646 2513 post
669 2441 736 2495 ante
760 2437 875 2514 quietos

139 2523 260 2584 inlicere
284 2532 317 2584 ut
340 2530 483 2603 cuperent
504 2525 592 2582 vitam
614 2529 729 2583 mutare
752 2520 904 2602 priorem?

67 2627 121 2677 160
139 2630 207 2672 nam
230 2611 357 2690 gaudere
380 2613 464 2672 novis
486 2610 575 2672 rebus
598 2610 707 2672 debere
729 2611 845 2672 videtur
1033 2637 1071 2677 1ro

139 2702 188 2760 oui
210 2706 325 2759 veteres
349 2699 469 2760 obsunt:
492 2699 543 2759 sed
567 2700 615 2759 551
637 2699 680 2759 511
702 2699 810 2760 accidit
832 2702 913 2778 aegri

139 2794 272 2866 tempore
295 2790 326 2847 15
349 2795 495 2869 anteacto,
518 2806 585 2847 cum
607 2786 730 2866 pulchre
754 2787 873 2866 degeret
895 2806 1009 2869 aevom,

67 2890 123 2942 175
140 2875 209 2955 quid
232 2878 328 2954 potuit
350 2878 487 2936 novitatis
510 2893 639 2935 amorem
663 2875 822 2936 aoeeudere
845 2872 918 2935 tali?
1033 2899 1072 2939 55

64 2971 181 3044 areat,
204 2964 306 3044 oredo,
328 2965 360 3023 in
382 2962 513 3024 tenebris
536 2967 595 3023 vita
618 2982 651 3024 ae
674 2982 807 3023 maerore
830 2962 955 3045 iacebat,
1033 2986 1072 3027 55

69 3052 233 3118 16515555
257 3052 362 3112 diluxit
384 3069 484 3112 rerum
506 3051 640 3130 genitalis
664 3053 755 3129 origo.

67 3154 123 3206 176
140 3141 246 3219 quidve
268 3140 339 3200 mali
360 3141 456 3200 luerat
478 3139 563 3200 uobis
586 3157 644 3200 non
668 3158 733 3199 esse
756 3136 885 3199 oreatis?
1034 3162 1073 3201 1⁷4

139 3236 225 3290 natus
249 3231 327 3288 euim
351 3228 439 3288 debet
462 3230 668 3307 quicumquest
690 3226 764 3286 velle
786 3245 905 3289 manere
1034 3251 1072 3289 55

139 3319 170 3378 15
193 3319 264 3398 vita,
288 3316 381 3391 donep
404 3315 545 3376 retinebit
565 3315 671 3376 blanda
693 3314 839 3394 voluptas:

140 3407 191 3484 qui
214 3423 374 3484 numquam
397 3422 465 3464 vero
489 3405 564 3464 vitae
588 3407 714 3481 gustavit
737 3422 866 3464 amorem

70 3510 121 3560 170
139 3511 194 3554 555
218 3493 273 3554 luit
295 3496 326 3553 in
350 3511 483 3573 numero,
506 3492 576 3570 quid
600 3491 684 3552 obest
703 3510 763 3552 555
782 3510 847 3553 5555
867 3487 1020 3552 creatum?
1034 3513 1073 3553 555
