2430 3878
572 230 600 284 Il
1044 228 1086 294 59

167 379 239 439 baut
260 380 352 456 igitur
375 377 484 439 debent
507 395 573 438 esse
597 376 656 438 ullo
679 376 812 456 praedita
836 396 933 438 sensu.

93 484 149 534 999
213 466 344 545 Denique
368 467 413 527 uti
435 467 550 544 possint
574 468 684 526 sentire
707 465 845 525 animalia
869 484 1015 546 quaeque,

168 557 324 635 principiis
348 557 375 615 si
397 557 485 614 iamst
508 572 613 614 seusus
636 553 812 614 tribuendus
836 571 953 634 corum,

94 659 154 711 975
170 643 250 723 quid,
259 661 354 721 genus
363 642 524 703 humanum
533 644 690 720 propritim
701 641 737 702 de
747 641 855 721 quibus
865 638 1034 702 auctumst?
1047 655 1088 696 99

169 731 295 811 scilicet,
318 738 349 792 ct
371 732 435 791 risu
457 729 584 790 tremulo
608 748 750 791 concussa
771 730 946 790 cachinnant

169 827 200 881 ct
221 819 353 880 lacrimis
377 825 519 897 spargunt
541 817 710 878 rorantibus
735 835 785 878 ora
808 836 970 900 genasque,

97 926 151 974 979
170 907 320 986 multaque
345 906 380 966 de
403 924 505 967 rerum
528 909 656 966 mixtura
679 906 779 966 dicere
803 906 922 988 callent,

170 1003 200 1056 et
222 995 280 1057 sibi
302 1012 447 1074 proporro
471 1012 546 1073 quae
570 996 630 1053 sint
652 994 814 1073 primordia
837 1002 995 1076 quaerunt3

97 1100 155 1152 930
169 1083 408 1163 quondoquidem
430 1085 501 1142 totis
524 1081 697 1142 mortalibus
721 1081 894 1143 adsimulata
1048 1096 1088 1136 ⁹80

169 1175 234 1252 ipsa
257 1189 374 1251 quoque
397 1189 433 1230 ex
457 1169 523 1230 aliis
547 1169 656 1229 debent
679 1177 813 1230 constare
837 1170 1005 1252 elementis,

170 1260 239 1321 inde
263 1260 319 1320 alia
342 1277 378 1319 ex
402 1258 481 1338 aliis,
504 1275 650 1336 nusquam
673 1260 836 1318 consistere
859 1265 893 1320 ut
915 1261 1008 1320 ausis:

98 1367 151 1416 oco
171 1351 280 1428 quippe
304 1365 423 1427 sequar,
448 1346 653 1425 quodcumque
677 1345 758 1425 loqui
780 1345 937 1426 ridereque
960 1347 1042 1408 dices

171 1444 201 1497 et
223 1454 341 1516 sapere,
364 1454 400 1496 ex
424 1434 489 1495 aliis
512 1433 615 1495 eadem
636 1434 709 1494 baec
732 1435 908 1496 iacientibus
932 1443 964 1496 ut
987 1439 1034 1496 sit.

97 1542 156 1595 985
170 1524 248 1606 quod
272 1526 298 1584 si
321 1523 413 1585 delira
435 1523 508 1583 baec
530 1522 700 1603 furiosaque
724 1525 872 1583 cernimus
896 1543 974 1607 esse,
1049 1535 1088 1578 ooo

171 1620 201 1674 et
222 1612 321 1673 ridere
343 1618 441 1691 potest
464 1629 523 1671 non
546 1629 582 1671 ex
605 1610 770 1673 ridentibus
794 1619 910 1693 auctus,

171 1709 201 1762 et
223 1719 327 1780 sapere
351 1706 380 1760 et
403 1699 499 1760 doctis
521 1701 666 1759 rationem
688 1699 814 1760 reddere
837 1700 924 1761 dictis

98 1807 152 1858 989
170 1808 231 1850 999
254 1808 291 1849 ex
314 1787 477 1848 seminibus
501 1787 684 1866 sapientibus
707 1794 794 1867 atque
818 1788 951 1870 disertis,

171 1880 224 1958 qui
245 1879 344 1937 minus
369 1894 434 1936 esse
458 1882 568 1954 queant
591 1894 625 1935 ea
648 1894 721 1955 quae
746 1878 857 1936 sentire
880 1877 1014 1937 videmus

98 1982 156 2035 990
170 1965 502 2044 seminibus-permixta
526 1963 695 2024 carentibus
718 1964 849 2042 undique
873 1962 984 2025 sensu?
1049 1978 1088 2019 ooo

215 2053 349 2131 Denique
372 2051 493 2112 caelesti
516 2070 617 2112 sumus
641 2069 743 2112 omnes
767 2053 879 2111 semine
904 2053 1034 2113 oriundi:

173 2141 310 2202 omnibus
334 2140 383 2200 illc
406 2141 484 2201 idem
507 2147 591 2219 pater
615 2146 672 2220 est,
694 2139 772 2199 unde
796 2138 871 2199 alma
894 2139 1035 2219 liquentis

98 2247 153 2298 999
172 2232 284 2292 umoris
307 2235 404 2308 guttas
427 2234 521 2288 mater
545 2246 611 2288 cum
634 2234 715 2287 terra
737 2229 862 2307 recepit,

172 2320 230 2380 leta
253 2320 331 2396 parit
353 2317 461 2377 nitidas
485 2316 585 2394 fruges
608 2314 785 2394 arbustaque
808 2315 896 2395 laeta,

100 2423 157 2475 995
172 2415 202 2468 et
224 2424 317 2484 genus
339 2405 500 2466 humanum
522 2405 613 2484 parit,
637 2405 734 2463 omnia
758 2403 852 2464 saecla
875 2404 1018 2485 ferarum,
1050 2419 1089 2460 999

172 2493 279 2574 pabula
307 2512 374 2554 cum
401 2492 535 2573 praebet,
564 2491 670 2571 quibus
694 2509 796 2552 omues
820 2510 943 2571 corpora
965 2502 1089 2572 pascunt

173 2590 204 2643 et
226 2580 342 2643 dulcem
365 2581 477 2642 ducunt
498 2583 587 2641 vitam
610 2579 782 2659 prolemque
804 2587 980 2664 propagant3

102 2687 154 2738 999
174 2677 353 2750 quapropter
375 2672 481 2730 merito
504 2675 671 2729 maternum
693 2686 801 2729 nomen
825 2668 965 2748 adeptast.

174 2758 252 2820 cedit
274 2761 346 2818 item
368 2765 462 2839 retro,
486 2757 522 2818 de
545 2764 625 2818 terra
648 2757 726 2837 quod
749 2757 805 2817 luit
827 2766 907 2838 ante,

83 2864 158 2916 1000
172 2850 204 2908 in
225 2854 334 2928 terras,
357 2853 386 2907 et
410 2845 487 2925 quod
510 2847 665 2906 missumst
687 2863 723 2904 ex
746 2844 873 2905 aetheris
898 2848 972 2928 oris,
1038 2860 1091 2901 rooo

174 2935 205 2996 id
227 2953 346 2996 rursum
370 2934 443 2995 caeli
465 2933 601 2994 rellatum
624 2932 732 3012 templa
755 2940 915 3011 receptant.

173 3042 229 3085 nec
252 3026 295 3084 sic
318 3025 469 3083 interemit
491 3040 572 3083 mors
595 3039 656 3101 reo,
680 3029 713 3081 99
736 3023 869 3080 materiai

83 3129 155 3179 1000
174 3129 298 3191 corpora
321 3112 469 3190 conficiat,
493 3109 545 3170 sed
568 3117 684 3170 coetum
707 3108 840 3186 dissupat
863 3107 943 3169 ollis:

174 3199 242 3261 inde
266 3199 330 3259 aliis
354 3198 432 3259 aliud
456 3200 607 3276 coniungit
631 3203 660 3257 et
682 3196 774 3257 elficit
797 3214 899 3257 omnes

83 3304 159 3357 1005
172 3306 221 3349 res
244 3294 278 3349 ut
300 3294 471 3348 convertant
493 3287 602 3348 formas
625 3291 796 3361 mutentque
818 3284 932 3346 colores
1039 3298 1091 3340 1⁰0⁶

174 3384 205 3438 et
228 3378 344 3455 capiant
367 3394 472 3436 sensus
496 3382 526 3435 et
546 3381 656 3454 puncto
679 3380 813 3452 tempore
836 3373 973 3456 reddant3

175 3472 207 3524 99
230 3483 335 3525 noscas
359 3465 471 3524 reterre
494 3463 597 3524 eadem
619 3461 781 3541 primordia
804 3479 904 3522 rerum

85 3568 154 3618 9999
174 3570 240 3613 cum
264 3552 374 3634 quibus
398 3560 428 3616 et
453 3551 536 3636 quali
555 3553 697 3637 positura
718 3552 933 3614 contineantur
