2430 3878
551 187 578 241 V
1001 188 1063 253 151

132 340 183 395 aut
205 336 304 395 minus
326 333 384 395 boc
404 333 455 395 illo
479 336 518 397 sit
540 351 594 396 cur
616 334 787 414 amplectier
809 338 898 397 ausis
1026 358 1066 399 rso

133 423 260 502 denique
283 441 336 483 cur
358 430 487 502 nequeat
508 440 625 503 semper
647 440 722 485 nora
744 423 814 485 luna
836 426 932 487 creari

60 529 115 578 ‘120
134 510 241 582 ordine>
261 511 423 572 formarum
446 519 528 572 certo
551 513 700 590 combque
723 512 839 592 figuris,

60 605 116 660 731
133 602 224 679 inque
246 599 312 658 dies
333 600 433 678 privos
455 598 584 661 aborisci
607 615 740 678 quaeque
763 608 862 662 creata

134 695 222 766 atque
245 686 301 748 alia
323 683 404 747 illius
426 690 559 766 reparari
582 688 613 748 in
635 695 719 766 parte
742 687 879 770 locoque,

134 775 283 837 difficilest
304 777 418 836 ratione
441 776 548 837 docere
571 783 601 836 at
621 779 741 837 vincere
763 776 876 857 verbis,
1026 797 1066 839 uo

134 864 238 925 ordine
261 882 328 924 cum
344 861 470 942 possint
489 871 549 925 tam
572 871 654 925 certo
675 864 767 926 multa
789 866 892 926 creari

62 969 116 1020 '126
133 955 157 1013 it
178 971 231 1012 ver
253 959 284 1012 et
304 951 403 1013 Venus
425 959 456 1013 et
477 950 599 1013 Veneris
621 954 816 1032 praenuntius
838 960 905 1014 ante
957 1010 960 1019 .

61 1048 119 1101 736
134 1047 280 1122 pennatus
302 1039 448 1122 graditur,
470 1041 591 1120 zephyri
612 1042 734 1119 vestigia
756 1047 879 1120 propter

133 1128 220 1190 Flora
242 1127 350 1207 quibus
372 1135 467 1189 mator
488 1145 703 1208 praespargens
724 1136 791 1190 ante
814 1131 872 1189 viai

135 1224 240 1279 cuncta
261 1215 412 1278 coloribus
433 1219 560 1296 egregiis
583 1224 613 1277 et
635 1216 776 1278 odoribus
797 1217 904 1296 opplet
1026 1237 1065 1278 uo

134 1305 203 1366 inde
226 1305 285 1365 loci
307 1307 441 1384 sequitur
463 1304 544 1366 calor
565 1305 666 1366 aridus
689 1312 719 1366 et
741 1323 842 1366 comes
862 1324 921 1366 una

63 1412 116 1462 ‘130
134 1392 339 1474 pulverulenta
362 1392 451 1454 Ceres
474 1394 504 1455 et
524 1395 615 1454 etesia
638 1392 729 1454 llabra
752 1393 930 1473 aquilonum.

61 1482 202 1543 741inde
224 1488 384 1543 autumnus
406 1480 479 1562 adit,
502 1480 634 1560 graditur
657 1481 744 1543 simul
766 1481 879 1543 Euhius
901 1481 992 1542 Euan.

135 1570 204 1632 inde
227 1569 300 1630 aliae
322 1576 513 1648 tempestates
535 1572 674 1649 ventique
698 1578 852 1650 secuntur,

135 1659 293 1720 altitonans
314 1657 476 1719 Volturnus
497 1665 527 1719 ct
548 1666 649 1719 auster
671 1657 794 1720 dulmine
815 1656 937 1738 pollens.
1025 1679 1065 1721 aas

133 1747 252 1808 tandem
273 1746 378 1808 bruma
400 1747 483 1806 niues
505 1745 600 1807 adfert
621 1749 797 1826 pigrumque
820 1748 951 1826 rigorem

62 1854 116 1904 735
135 1836 210 1897 didit
231 1835 340 1917 biems,
363 1836 498 1914 sequitur
519 1837 669 1913 crepitans
690 1835 766 1897 hanc
788 1834 925 1896 dontibus
948 1834 1037 1914 algor.

62 1932 118 1986 746
133 1943 191 2004 quo
213 1925 312 1985 minus
335 1930 382 1984 est
402 1925 524 2003 mirum,
548 1925 574 1984 sl
596 1930 677 1984 certo
700 1930 834 2003 tempore
856 1922 925 1984 luna

134 2014 264 2092 gignitur
286 2019 317 2073 et
338 2018 419 2072 certo
443 2010 557 2071 doletur
577 2017 712 2090 tempore
734 2029 835 2091 rusus,

135 2119 203 2162 cum
224 2101 291 2160 lieri
312 2101 428 2179 possint
449 2106 509 2159 tam
533 2106 614 2160 certo
636 2107 769 2178 tempore
791 2098 890 2160 multa
1025 2123 1065 2164 roo

179 2188 256 2250 Solis
278 2190 351 2248 item
373 2205 489 2266 quoque
513 2186 645 2248 delectus
667 2185 811 2265 lunaeque
833 2185 962 2247 latebras

63 2296 116 2347 740
133 2276 270 2358 pluribus
291 2294 308 2336 e
331 2277 428 2337 causis
450 2275 516 2336 lieri
537 2274 593 2335 tibi
615 2292 704 2354 posse
725 2273 925 2353 putandumst

61 2374 203 2427 751nam
226 2383 279 2426 cur
301 2364 370 2425 luna
393 2370 482 2443 queat
503 2370 614 2424 terram
636 2361 787 2424 secludere
811 2361 882 2423 sobs

135 2453 246 2514 lumine
269 2459 299 2512 ct
321 2470 338 2513 a
360 2453 451 2513 terris
472 2451 563 2513 altum
586 2458 674 2530 caput
696 2450 850 2512 obstruere
872 2453 933 2532 ei‚‘

135 2540 269 2602 obiciens
290 2557 411 2602 caecum
433 2539 525 2601 radiis
547 2538 720 2601 ardentibus
740 2538 855 2620 orbem,
1026 2562 1066 2606 ur

134 2637 268 2710 tempore
291 2628 395 2690 eodem
417 2627 496 2689 aliud
518 2629 615 2690 lacere
637 2627 668 2689 id
690 2645 750 2689 non
772 2645 860 2707 posse
883 2635 1004 2708 putetur

62 2734 116 2785 tto
136 2736 258 2800 corpus,
280 2716 358 2796 quod
382 2734 498 2778 cassum
519 2715 634 2778 labatur
656 2715 766 2778 lumine
790 2713 930 2796 sempor?

62 2813 119 2866 756
136 2804 239 2885 solque
262 2823 332 2867 suos
354 2807 444 2866 ctiam
466 2804 614 2866 dimittere
636 2803 792 2884 languidus
814 2806 892 2883 ignis

134 2901 268 2974 tempore
291 2911 345 2955 cur
367 2900 450 2955 certo
471 2900 612 2974 nequem,
633 2910 828 2971 recreareque
851 2891 965 2974 lumen,

134 3000 202 3043 cum
224 2981 287 3042 loca
310 2983 463 3060 praeteriit
484 2980 612 3042 flammis
632 2981 741 3042 inlesta
763 2998 817 3059 per
840 2996 939 3063 auras,
1026 3003 1066 3045 roo

135 3088 211 3150 quae
232 3071 344 3131 iaciunt
366 3071 444 3148 ignis
465 3070 656 3147 interstingui
677 3075 764 3148 atque
786 3064 908 3147 perire?

63 3174 115 3226 760
135 3166 165 3219 et
187 3177 241 3220 cur
262 3165 342 3219 terra
366 3164 455 3237 queat
475 3157 574 3219 lunam
597 3156 723 3237 spoliare
746 3157 877 3217 vicissim

62 3246 245 3309 7611umine
268 3253 299 3307 et
321 3263 496 3326 oppressum
518 3245 611 3307 solem
633 3261 724 3324 super
745 3246 810 3323 ipsa
832 3251 948 3325 tenere,

134 3343 286 3398 menstrua
309 3334 380 3395 dum
401 3331 512 3412 rigidas
534 3336 602 3395 coni
623 3331 787 3413 perlabitur
807 3331 941 3412 umbras,

133 3431 267 3503 tempore
292 3422 395 3484 eodem
418 3420 497 3483 aliud
520 3429 647 3501 nequem
669 3438 843 3483 succurrere
866 3419 953 3481 lunae
1026 3440 1065 3483 rao

135 3531 242 3592 corpus
265 3511 311 3572 vcl
334 3529 422 3591 supra
446 3510 518 3572 solis
539 3509 686 3592 perlabIer
709 3509 826 3592 orbem,
