2430 3878
526 191 717 246 1111111111
1056 193 1121 256 215
1139 252 1156 276 μ

119 350 265 417 tuendam,
293 365 364 417 quae
389 365 446 402 uon
472 349 653 418 impugnatur
677 349 733 403 nisi
757 366 807 419 per
832 366 965 418 errorem,
991 350 1122 404 videlicet
1146 383 1150 392 ‚

120 420 626 489 animuinessccorporispartem.—
643 426 763 488 lltsqq.
836 422 904 476 ctio
917 427 990 476 terra
1003 420 1141 493 Mr.B.]:¹

120 491 209 544 Giuss.
228 508 323 545 saccus
340 498 365 546 ct
382 493 414 544 in
431 497 505 545 terro
523 493 618 544 meotis
636 493 684 559 poi
701 492 825 561 pipbitwr
844 498 945 558 moos,
964 492 1013 545 scd
1030 492 1072 544 itu
1089 493 1123 544 ut

119 579 214 616 saccos
237 577 293 614 non
315 562 352 614 od
374 568 476 616 oenum
493 559 608 628 referat,
630 563 663 614 ut
680 561 772 629 Iones,
796 561 845 629 qui
863 561 947 615 scribi
965 561 1058 616 iussit:
1073 579 1121 631 pe·
1143 573 1154 589 *¹

119 634 199 698 titus,
220 649 314 686 saevos
332 639 369 698 et,
392 633 488 684 contra
511 632 586 698 quod
609 631 680 684 dixit
702 631 766 700 Mn,
791 632 840 685 sed
862 632 1035 700 adpetitum.
1072 632 1122 685 sed

120 719 192 771 quoe
215 702 331 756 saevitia
353 702 384 754 in
406 717 438 755 eo
458 717 592 770 apparere
609 702 710 770 possit,
734 702 758 755 si
779 702 862 756 homo
880 703 1040 756 vulneratus
1058 718 1121 770 pro-

120 773 244 839 cumbet,
263 789 319 826 uon
337 772 425 826 video.
463 772 497 824 de
514 772 568 825 hoc
585 772 647 826 loco
666 788 748 843 agam
766 773 796 825 in
813 775 972 826 recensione
990 772 1121 825 editionis
1147 815 1148 820 ,

121 844 330 898 Giussonionae.
349 875 383 882 -
408 847 546 896 189-195
567 884 616 895 ...
632 844 757 924 possomt]
781 842 940 910 obloquitur
958 841 1047 896 Giuss.
1066 842 1121 897 hic.

121 917 216 968 contre
233 932 258 968 v.
275 919 326 966 198
350 914 538 982 spicarumque
561 913 663 966 retinet
684 928 778 966 omnia
795 929 858 966 mea
877 914 1040 983 argumente
1058 929 1122 980 pro-

120 986 197 1039 bans.
213 1016 247 1025 -
266 989 318 1037 237
339 1027 365 1037 ..
383 1027 387 1036 .
403 984 489 1036 etium
507 982 596 1036 Giuss.
616 985 715 1051 animi,
735 984 784 1037 sed
803 983 836 1037 cf.
853 1000 915 1037 ann.
929 984 1036 1037 Lucret.
1053 988 1121 1037 1895

120 1075 146 1125 p.
159 1060 306 1109 167.-239
321 1072 361 1122 sq.
380 1055 476 1122 recipit
488 1071 562 1107 mens
577 1052 635 1118 OQ:
655 1054 731 1121 quod
742 1056 776 1107 ut
788 1053 855 1113 ferri
868 1055 964 1122 possit,
984 1070 1016 1107 eo
1029 1055 1122 1107 minus

120 1126 187 1179 ferri
205 1127 309 1194 potest:
334 1124 463 1195 (nedum)
487 1141 556 1193 poce
573 1131 681 1178 mente
698 1126 809 1180 volutat.
846 1125 895 1178 sed
912 1126 1023 1191 ceolum,
1047 1124 1122 1192 quod

120 1197 226 1250 Pollius
245 1198 355 1264 etpost
378 1211 441 1249 cum
464 1194 624 1264 Postgatius
643 1194 727 1248 scribi
745 1195 892 1262 iusserunt,
915 1195 1058 1265 ingeniose
1076 1211 1122 1247 ex-

122 1266 276 1337 cogitatum
300 1268 349 1318 est.
386 1265 479 1335 Postg.
506 1263 614 1318 scribit:
642 1266 737 1333 recepit
757 1281 812 1320 cco
831 1309 836 1319 .
857 1306 863 1319 .
882 1309 888 1320 .
907 1269 1031 1319 nedum
1054 1282 1123 1333 quac

121 1344 206 1391 meritc
223 1339 339 1391 volutos.
372 1336 469 1389 Leidd.
489 1334 621 1389 exhibent
638 1338 771 1404 quaedam
788 1352 838 1404 poc
855 1343 939 1390 meritc
957 1337 1068 1390 volutat.
1087 1366 1122 1375 —

122 1413 174 1461 238
192 1408 264 1461 inter
281 1424 335 1461 sese
352 1407 482 1478 incripta]
506 1405 595 1459 Giuss.
614 1408 646 1458 ut
663 1405 759 1459 Leidd.
782 1407 853 1460 rotor
873 1423 926 1460 sese
944 1407 1042 1472 cotom,
1066 1421 1122 1473 quc

121 1495 151 1531 re
170 1477 297 1531 Lucretio
312 1493 439 1531 versuum
455 1477 576 1529 maximo
596 1477 695 1529 artifici
709 1476 840 1529 iniurium
853 1477 929 1530 facit.
950 1508 983 1517 -
1002 1480 1053 1529 267
1072 1491 1121 1530 ea-

122 1551 175 1603 lor.
199 1564 255 1601 non
273 1549 349 1603 color
365 1547 436 1619 Lm]
456 1547 615 1601 Giussanus.
648 1563 742 1600 verum
760 1549 803 1600 est
820 1547 850 1599 in
867 1546 983 1618 visconti,
1004 1547 1070 1599 dum
1092 1546 1122 1599 in

122 1635 236 1688 corpore
254 1619 337 1686 latet,
356 1635 412 1671 non
430 1634 489 1672 csse
504 1619 631 1672 colorem.
660 1618 709 1671 sed
723 1618 771 1685 eis,
790 1634 862 1685 quoe
875 1618 905 1671 iu
917 1618 980 1670 luce
993 1617 1121 1684 vidimus,

122 1691 208 1744 etiam
226 1707 289 1743 cum
306 1690 336 1742 in
354 1689 475 1743 tenebris
494 1691 570 1756 sunt,
590 1705 654 1741 eum
672 1688 791 1741 colorem
810 1688 995 1755 attribuimus,
1015 1688 1064 1755 qui
1082 1688 1122 1741 eis

122 1763 152 1815 in
169 1762 231 1815 luce
247 1760 308 1813 fuit.
324 1792 357 1800 —
377 1765 449 1813 284.
466 1802 472 1812 .
487 1761 577 1813 alias:
590 1761 660 1812 otiis
673 1757 739 1828 (OQ.
755 1759 828 1828 cdd.)
847 1759 933 1812 etium
949 1775 1023 1812 nunc
1042 1757 1122 1811 Gius-

123 1849 213 1885 sunus.
251 1831 300 1884 sed
323 1831 358 1884 dc
376 1830 501 1883 variante
520 1829 606 1882 animi
629 1831 704 1882 statu
722 1830 868 1898 (περὶτῶν
886 1832 999 1952 naburg
1017 1829 1064 1882 hic
1081 1829 1122 1882 lo-

123 1903 218 1969 quitur
235 1903 327 1969 poeta.
342 1932 375 1940 —
395 1905 446 1953 289
465 1901 564 1952 ocrim
583 1897 638 1963 OQ.
653 1899 716 1969 Brg.
732 1898 830 1967 Giuss.‚
849 1900 959 1968 quoda
1000 1899 1122 1966 ambin0‚

122 1973 180 2025 Iun.
200 1972 230 2023 B.
250 1970 300 2022 Mr.
319 1970 350 2022 in
367 1971 480 2024 aeribus
498 1971 658 2037 corruptum
675 1971 724 2023 est.
745 2001 777 2009 -
798 1975 848 2023 297
866 1977 1002 2041 prementes.
1021 1973 1123 2040 lsrwc

123 2046 384 2110 capere—possm.
407 2042 417 2109 ll
440 2039 498 2092 sine
524 2039 635 2092 lineolis
663 2042 692 2093 et
717 2041 835 2093 lacunae
862 2041 941 2111 signo
969 2038 1059 2093 Giuss.
1088 2072 1121 2080 —

124 2118 176 2166 304
198 2112 358 2177 suffundens
376 2152 382 2164 .
398 2152 404 2165 .
420 2153 425 2165 .
444 2111 577 2163 umbram
596 2111 624 2162 et
648 2116 698 2163 306
718 2112 915 2179 interutrasque
936 2112 1015 2165 sitast
1037 2110 1122 2164 ctiam
1153 2160 1156 2165 ⁴

106 2183 227 2248 ·Giuss.,
249 2182 319 2234 hoec
340 2180 425 2249 paulo
444 2180 526 2233 elitor
543 2180 749 2249 interpretatus.
769 2214 802 2221 —
820 2183 830 2252 ΙΙ
848 2186 986 2234 337-349
1004 2183 1013 2250 ΙΙ
1031 2178 1120 2234 Giuss.
1152 2179 1157 2195 ²

124 2254 183 2308 sine
204 2252 323 2305 lineolis.
350 2282 384 2291 —
412 2256 464 2305 354
483 2293 489 2304 .
505 2293 510 2303 .
527 2293 532 2304 .
552 2249 641 2304 Giuss.
665 2254 731 2320 quis
753 2252 819 2319 (non
841 2253 920 2320 qnid,
941 2253 975 2304 ut
992 2254 1055 2322 ego)
1073 2253 1121 2305 od-

118 2328 199 2388 feret.
228 2354 262 2363 -
289 2326 340 2376 358
361 2364 366 2375 .
387 2364 392 2374 .
414 2321 599 2445 ¹(prestitoque
620 2329 762 2391 praeterea
784 2323 958 2390 perditorem
980 2323 1123 2391 expellitwr
1157 2381 1160 2385 ,

123 2396 198 2466 acco]
222 2394 315 2461 Rern,
333 2393 402 2445 item
451 2392 529 2459 iuss,
555 2391 611 2444 nisi
629 2392 704 2460 quod
728 2408 836 2445 versum
862 2408 918 2445 non
940 2394 972 2444 ut
998 2393 1123 2461 spurium

123 2467 210 2520 notet.
243 2480 294 2536 ego
316 2463 416 2517 melius
440 2463 507 2515 olim
530 2461 614 2516 scribi
636 2462 705 2515 iussi
724 2505 729 2514 .
750 2505 755 2515 .
777 2506 781 2515 .
801 2480 862 2517 eum
887 2464 1051 2533 (eopenbor
1071 2464 1122 2517 illo

97 2537 100 2540 ’
126 2537 216 2590 ‘recte
234 2531 1060 2590 (117831191391191111-382εε1111181111111...α11ἐθ
1077 2535 1121 2588 de-

123 2608 211 2662 trudit
228 2607 264 2658 cd
277 2608 360 2674 ipsas
374 2606 435 2676 <res
451 2647 456 2658 .
473 2627 479 2658 ;
495 2648 500 2659 .
516 2603 559 2674 .>‚
576 2604 686 2673 sulpicio
702 2605 753 2657 etc.
786 2603 884 2672 (lines,
903 2603 974 2657 nihil
987 2604 1122 2658 excidisse

95 2679 213 2744 natus,
240 2677 322 2744 putat
345 2676 459 2744 poetam
484 2673 575 2728 dicere
601 2674 674 2728 trabi
698 2675 727 2727 et
749 2675 858 2728 detrudi
878 2691 928 2728 nos
952 2675 1000 2743 (ed
1017 2674 1121 2744 oculos)

126 2747 200 2813 ‘noi,
225 2746 254 2799 lo
276 2747 371 2799 nostra
390 2745 543 2812 coscienm,
569 2743 702 2797 ilnostro
721 2744 871 2814 giudizio'‚
897 2744 972 2812 quod
994 2744 1063 2810 quid
1086 2744 1123 2796 sit
1158 2770 1167 2810 ς

122 2833 242 2872 menon
259 2815 421 2886 intellegere
438 2815 536 2869 fateor.
551 2846 585 2855 -
605 2819 656 2867 365
674 2830 734 2882 quo
751 2816 884 2869 cernimus
900 2815 956 2882 ipsi
974 2812 1028 2877 OQ.
1056 2816 1123 2883 poia

123 2891 187 2959 p‘ost
205 2889 263 2940 Lm.
282 2887 313 2940 B.
332 2886 382 2939 Mr.
402 2884 503 2940 Ginss:
528 2901 597 2953 quos
618 2885 711 2938 miror.
730 2901 821 2938 nonne
839 2884 914 2937 enim
936 2884 982 2938 vio
1000 2884 1121 2953 videndi,

123 2963 155 3015 ut
172 2960 214 3013 ita
233 2958 336 3024 dicum,
355 2956 410 3010 fert
426 2973 476 3025 per
494 2958 602 3025 portus,
625 2971 709 3023 quac,
729 2972 792 3008 cum
808 2955 937 3024 pateant,
955 2954 1122 3008 1111111111ιί9-

123 3032 218 3085 borem
241 3028 413 3097 suscipiunt?
439 3058 473 3067 —
501 3032 553 3079 374
578 3027 695 3080 aniciae
717 3027 843 3080 elemento
866 3027 974 3080 minora
996 3025 1051 3091 OQ.
1070 3025 1119 3080 Mr.

123 3102 186 3173 Brg.
206 3101 291 3155 adde:
311 3098 399 3153 Griuss
425 3128 458 3137 -
487 3102 626 3150 378-380
646 3139 651 3149 .
672 3139 676 3150 .
698 3139 703 3150 .
721 3096 834 3167 retinet]
858 3094 947 3150 Giuss.
974 3099 1122 3164 utrumque

120 3174 213 3241 prima
234 3172 309 3225 recte
332 3185 361 3223 se
382 3166 486 3221 habere
508 3169 597 3236 putot.
634 3165 762 3234 offendit,
791 3167 865 3235 quod
890 3167 1008 3220 alterum
1030 3170 1121 3236 prima

97 3265 105 3270 ”
124 3243 232 3296 videtur
244 3241 332 3311 priori
343 3239 518 3309 respondere,
533 3255 596 3291 cum
608 3254 638 3290 re
651 3254 715 3291 vero
728 3254 784 3291 non
797 3238 971 3305 respoudeat.
999 3239 1029 3290 in
1042 3255 1122 3293 versu

125 3318 176 3366 380
186 3316 268 3381 privo
282 3329 314 3367 co
329 3310 544 3375 commendatur,
559 3309 634 3376 quod
647 3309 767 3362 inversu
781 3314 831 3361 372
847 3310 889 3362 est
897 3310 1053 3378 primordio
1065 3312 1120 3365 sio-

124 3384 191 3453 pclc
205 3384 492 3451 pinsodposita.-
511 3380 618 3450 88313.
638 3379 667 3432 in
680 3380 759 3432 textu
777 3381 1121 3435 111111111-39298393

125 3456 195 3524 (393.
210 3460 261 3508 392
275 3453 332 3506 Inn.
358 3485 391 3493 —
407 3450 501 3519 Goeb.,
520 3466 603 3518 quem
615 3449 665 3503 Mr.
684 3450 758 3502 malo
776 3450 919 3522 sequitur}
947 3466 1004 3504 uon
1021 3451 1121 3504 melius

124 3541 209 3593 quarn
234 3524 300 3577 huic
327 3456 462 3577 (biusseuo
490 3522 520 3574 in
547 3537 674 3574 versuum
700 3537 757 3574 non
781 3521 1024 3590 trunspos‘utnum
1039 3522 1133 3568 &uteu-
1176 3538 1180 3543 »
