2430 3878
441 191 721 248 PROLEGOMENA.
1045 191 1084 244 IX

78 343 111 400 in
133 339 303 400 Lucretium
326 346 467 418 quantum
490 358 608 418 possem
631 340 860 419 intellegendum
884 347 913 400 et
934 341 1083 418 corrigen-

56 428 149 488 dum
194 429 334 489 carminis
374 435 487 488 textum
528 447 647 508 operam
686 432 878 510 insumerem,
923 429 990 488 heri
1024 445 1084 488 non

78 518 175 595 potuit
197 519 269 595 quin
291 518 383 594 magis
402 519 553 596 magisque
572 520 602 577 in
622 517 753 596 singulos
772 534 863 577 annos
882 519 1083 596 perspicerem

79 607 142 665 eius
174 604 358 664 fundamenti
389 622 447 683 quo
480 608 575 665 omnis
607 606 771 669 emendatio
802 607 954 686 carminis,
987 607 1083 665 omnis

78 695 282 771 interpretatio
320 695 462 753 sustineri
496 693 630 774 deberet,
666 693 787 754 alteram
818 701 932 773 partem
965 695 1082 771 egregie

78 784 184 841 iactam
207 799 274 841 esse
296 780 332 841 ab
355 781 554 862 Lachmanno,
584 781 704 842 alteram
726 785 773 842 vix
797 781 970 841 inchoatam.
1015 799 1083 840 nam

79 888 145 929 cum
179 887 296 949 eorum,
333 888 407 947 quae
439 869 474 929 ab
506 872 695 948 grammatico
727 873 928 948 exigerentur,
964 872 995 929 in
1027 871 1083 928 viri

78 959 180 1018 eximii
216 957 379 1017 clarissimo
416 976 504 1036 opere
541 958 615 1017 nihil
646 958 708 1019 iere
744 958 908 1018 desiderari
943 957 1083 1037 viderem,

79 1048 252 1124 saepissime
279 1048 311 1105 in
334 1048 378 1106 eis
400 1045 460 1105 vidi
484 1053 626 1127 erratum,
654 1064 727 1124 quae
752 1048 815 1105 sine
839 1064 957 1105 rerum
980 1047 1083 1104 notitia

78 1141 166 1211 atque
188 1135 398 1212 perspicientia
423 1133 555 1211 intellegi
577 1152 637 1194 non
659 1142 787 1212 possent
834 1152 891 1212 qua
913 1135 945 1193 in
967 1151 1000 1193 re
1023 1150 1082 1192 non

79 1228 136 1302 est,
169 1240 223 1281 cur
254 1224 321 1299 quis
350 1221 568 1282 Lachmannum
595 1225 749 1300 vituperet.
800 1223 851 1300 qui
877 1224 922 1281 vir
950 1238 1082 1281 summus

80 1328 146 1369 cum
183 1316 297 1370 certum
334 1309 480 1388 quoddam
516 1310 680 1370 studiorum
716 1312 773 1370 iter
809 1311 960 1388 ingressus
995 1317 1083 1389 esset,

79 1405 163 1457 erant
200 1416 273 1476 quae
310 1397 375 1457 aliis
412 1397 582 1477 explicanda
614 1406 643 1458 et
677 1398 883 1477 perpurganda
915 1397 1082 1475 relinquere

80 1493 243 1563 cogeretur.
296 1488 395 1564 itaque
431 1489 495 1565 ipse
531 1489 563 1546 in
598 1494 729 1547 extrema
763 1488 968 1546 commentarii
998 1504 1082 1564 prae-

80 1575 188 1633 latione
226 1570 308 1633 ‘licet
342 1567 428 1634 mihi'
464 1576 505 1634 ait
541 1571 584 1634 ‘in
620 1593 671 1653 spe
707 1574 782 1634 laeta
818 1581 956 1652 certaque
994 1574 1082 1632 finem

79 1663 177 1722 iacere
199 1661 360 1742 praefandi,
383 1680 440 1740 qua
463 1662 569 1722 ductus
592 1663 724 1723 futurum
747 1679 874 1739 auguror
897 1668 931 1722 ut
952 1661 1083 1721 Lucretii

79 1767 199 1810 carmen
221 1752 463 1829 interpretatione
482 1750 613 1810 doctiore
631 1745 816 1830 illustretur',
839 1768 926 1828 quam
947 1749 1084 1809 videlicet

79 1837 253 1916 expectabat
282 1857 299 1897 a
327 1837 429 1898 Carolo
457 1838 657 1919 Steinhardto,
689 1837 828 1899 nonnulla
856 1856 907 1915 spe
936 1840 1024 1898 etiam
1051 1840 1082 1897 in
1197 1890 1198 1897 ,

79 1925 250 1986 Reisackeri
278 1925 382 1986 studiis
409 1928 513 2005 posita.
559 1921 701 1987 ‘interim'
729 1929 826 2005 inquit
853 1922 897 1986 ‘ut
919 1928 1082 2004 poterimus

51 2013 279 2093 *perpoliemus
314 2014 370 2073 hoc
401 2010 539 2074 carmen'.
595 2015 647 2074 sed
678 2016 787 2075 iactum
818 2033 878 2075 non
910 2021 967 2095 est,
1005 2013 1083 2093 quod

11 2151 16 2163 .
80 2108 249 2180 speraverat
284 2104 422 2162 carminis
458 2101 627 2162 Lucretiani
661 2105 824 2163 restitutor.
882 2120 950 2163 nam
986 2102 1083 2162 Stein-

79 2190 202 2250 hardtus
227 2207 295 2250 mox
317 2196 412 2250 totum
435 2208 467 2250 se
490 2190 571 2250 dedit
588 2189 746 2250 Platonicis
770 2190 874 2251 studiis
896 2198 926 2250 et
944 2208 981 2250 ne
1000 2189 1083 2249 Reis-

80 2277 205 2338 aoherus
242 2277 360 2356 quidem
391 2277 458 2357 plus
492 2278 551 2338 duo
579 2281 673 2358 capita
700 2278 850 2338 doctrinae
877 2277 1038 2356 Epicureae
1067 2296 1084 2337 a

79 2366 217 2426 Lucretio
244 2372 383 2426 tractatae
411 2369 554 2444 exposuit.
599 2369 698 2445 itaque
722 2384 788 2426 cum
810 2372 878 2444 post
900 2365 1084 2425 Gassendum

80 2471 167 2514 nemo
191 2453 227 2512 ad
249 2455 416 2514 universam
434 2453 555 2533 Epicuri
575 2453 787 2534 physiologiam
806 2473 840 2514 er
860 2453 990 2514 fontibus
1010 2456 1083 2533 ipsis

79 2541 271 2602 hamiendam
300 2549 331 2602 et
356 2544 474 2620 penitus
502 2542 703 2620 explicandam
731 2542 851 2621 aggredi
879 2560 968 2602 ausus
996 2549 1083 2623 esset,

79 2629 156 2691 nihil
182 2629 415 2710 relinquebatur,
447 2632 506 2690 nisi
535 2638 569 2690 ut
595 2633 659 2710 ipse
687 2631 757 2709 quid
785 2634 815 2691 in
844 2649 878 2690 ea
905 2649 937 2691 re
966 2631 1083 2691 efficere

78 2735 199 2798 possem
226 2720 385 2797 experirer.
433 2726 502 2778 sunt
528 2737 598 2778 vero
626 2726 745 2779 naturae
774 2721 896 2779 rationis
921 2717 1083 2796 Epicureae

79 2805 269 2866 fundamenta
299 2804 385 2884 longe
416 2809 527 2866 maiore
555 2825 592 2866 ex
618 2814 701 2886 parte
728 2809 804 2867 iacta
830 2809 861 2866 in
889 2825 923 2866 ea
951 2806 1084 2886 epistula,

79 2913 169 2973 quam
192 2893 360 2972 Gargettius
382 2892 418 2954 ad
440 2893 622 2955 Herodotum
645 2895 732 2955 dedit.
773 2895 804 2955 id
824 2896 915 2973 igitur
933 2895 993 2954 vidi
1011 2895 1085 2954 mihi

79 2984 232 3060 negotium
262 2983 447 3062 impositum,
478 2989 512 3043 ut
537 2983 613 3043 hanc
640 2983 795 3062 epistulam
821 2989 1025 3062 perscrutarer
1055 2990 1085 3042 et

78 3089 135 3150 pro
167 3070 246 3130 virili
276 3077 359 3148 parte
392 3070 586 3130 emendarem.
638 3073 841 3131 commentarii
870 3078 900 3130 et
932 3073 1028 3130 critici
1055 3078 1085 3130 et

79 3160 227 3237 exegetici
258 3166 420 3219 extremam
449 3166 563 3237 partem
595 3157 674 3219 edidi
702 3177 777 3219 anno
806 3155 891 3220 1882
922 3161 953 3219 in
985 3158 1083 3218 libello

79 3247 256 3308 scholastico
274 3246 403 3326 Halensi,
422 3249 474 3325 qui
492 3246 665 3307 inscribitur
683 3242 822 3326 ‘Epihurs
840 3247 924 3306 Brief
940 3265 977 3306 an
993 3246 1084 3306 Hero-

79 3336 145 3416 dot,
172 3335 236 3394 Par.
265 3332 417 3415 68—83,
449 3334 598 3395 ubersetzt
625 3334 686 3395 und
716 3335 857 3395 erliutert
888 3353 945 3394 von
976 3334 1024 3394 Dr.
1052 3335 1084 3394 Α.

78 3418 223 3502 Brieger'.
268 3425 300 3482 in
331 3423 378 3482 his
405 3440 475 3482 vero
505 3423 610 3483 studiis
639 3441 705 3482 cum
730 3440 874 3503 versarer,
898 3425 1085 3502 opportunis-

77 3514 155 3575 sime
174 3511 281 3572 accidit
299 3510 378 3590 quod
391 3509 577 3574 Hermannus
590 3510 706 3575 Usener
726 3529 799 3574 oum
816 3509 1104 3585 cenomannenses
