2430 3878
559 187 598 242 ΠΙ
1037 189 1078 254 69

69 348 126 399 135
146 333 290 412 quidquid
313 331 349 395 id
369 340 428 415 est,
450 333 590 395 habeant:
611 341 645 396 tu
667 344 765 397 cetera
787 340 907 418 percipe
931 338 1016 399 dicta.

190 421 275 482 Nunc
302 424 433 483 animum
456 431 543 501 atque
566 425 693 484 animam
717 425 782 486 dico
806 428 962 487 coniuncta
985 427 1080 487 teneri

146 512 226 571 inter
249 529 280 571 se
304 517 391 589 atque
415 529 503 571 unam
526 518 661 572 naturam
684 514 828 574 conficere
852 533 888 574 ex
911 534 956 596 se,

147 597 200 659 sed
222 606 310 679 caput
332 617 398 659 esse
422 601 507 678 quasi
530 607 559 659 et
582 599 727 661 dominari
749 604 779 662 in
804 621 927 682 corpore
950 610 1011 663 toto

147 687 316 769 consilium,
340 687 418 765 quod
441 705 496 747 nos
519 689 648 748 animum
671 696 858 769 mentemque
881 710 1026 752 vocamus.

13 828 19 836 .
74 789 129 840 140
147 775 237 854 idque
260 779 349 837 situm
371 775 469 836 media
491 779 611 854 regione
635 779 666 836 in
689 781 817 856 pectoris
840 779 949 840 haeret.

146 863 196 923 hic
218 865 329 926 exultat
352 865 431 923 enim
453 882 544 942 paror
566 883 600 924 ac
622 872 732 946 metus,
754 865 827 926 haec
849 866 912 927 loca
935 870 1047 929 circum

146 951 275 1014 laetitiae
298 953 440 1014 mulcent:
463 951 512 1012 hic
536 969 605 1030 ergo
629 971 713 1013 mens
736 956 945 1034 animusquest.

148 1046 246 1102 cetera
268 1060 337 1121 pars
360 1042 474 1102 animae
497 1058 551 1118 per
573 1047 666 1100 totum
690 1041 794 1102 dissita
816 1061 923 1122 corpus

147 1136 233 1209 paret
254 1137 284 1190 et
306 1131 342 1190 ad
365 1146 475 1190 numen
499 1131 606 1188 mentis
628 1147 804 1208 momenque
827 1139 970 1192 movetur.

77 1231 129 1283 145
148 1215 237 1297 idque
261 1218 318 1278 sibi
341 1218 436 1279 solum
459 1235 513 1295 per
536 1234 567 1276 se
591 1219 680 1294 sapit:
702 1215 738 1279 id
759 1217 816 1277 sibi
839 1219 958 1300 gaudet,

149 1324 216 1366 cum
238 1325 334 1385 noque
357 1326 406 1367 res
430 1306 556 1364 animam
578 1322 675 1383 neque
698 1324 806 1385 corpus
829 1316 993 1368 commovet
1015 1327 1080 1369 una.

148 1401 179 1455 ct
202 1397 298 1475 quasi,
321 1412 389 1456 cum
413 1399 500 1472 caput
523 1401 572 1453 aut
595 1393 698 1453 oculus
721 1401 881 1474 temptante
905 1396 1006 1457 dolore

148 1482 274 1543 laeditur
296 1485 329 1544 in
350 1482 450 1562 nobis,
473 1499 532 1542 non
555 1484 635 1541 omni
658 1486 881 1545 concruciamur

150 1588 286 1651 corpore,
309 1573 352 1632 sic
375 1573 490 1632 animus
514 1587 734 1649 nonnumquam
756 1571 882 1632 laeditur
905 1575 969 1652 ipse

75 1675 131 1725 lto
149 1658 317 1737 laetitiaque
341 1661 432 1738 viget,
456 1675 523 1718 cum
547 1665 644 1718 cetera
666 1677 735 1738 pars
758 1663 866 1721 animai

148 1765 204 1826 per
225 1747 357 1807 membra
380 1755 467 1826 atque
490 1753 571 1806 artus
594 1746 674 1807 nulla
695 1750 823 1809 novitate
847 1751 953 1811 cietur:

148 1853 252 1895 verum
275 1835 326 1896 ubi
348 1835 477 1895 vementi
500 1837 593 1912 magis
616 1842 661 1894 est
684 1845 827 1896 commota
850 1844 931 1898 metu
953 1855 1050 1917 mens,

150 1925 316 1983 consentire
341 1927 467 1984 animam
487 1928 578 1982 totam
601 1941 656 2001 per
678 1923 809 1985 membra
830 1924 976 2006 videmus,

150 2009 333 2090 sudoresque
357 2014 398 2072 ita
420 2009 620 2091 palloremque
644 2013 771 2072 existere
794 2019 855 2073 toto

74 2115 130 2166 lot
150 2117 273 2178 corpore
297 2106 327 2160 et
349 2099 471 2176 infringi
493 2098 622 2176 linguam
645 2116 804 2178 vocemque
826 2099 951 2180 aboriri,

149 2187 276 2265 caligare
299 2187 413 2268 oculos,
437 2204 542 2248 sonere
566 2188 659 2267 auris,
682 2186 834 2247 succidere
858 2194 951 2269 artus,

150 2275 278 2354 deniquo
302 2275 457 2336 concidere
481 2292 517 2334 ex
543 2276 633 2334 animi
655 2281 769 2335 terrore
791 2274 925 2335 ridemus

150 2380 237 2442 saepe
260 2363 408 2444 homines3
431 2361 515 2424 facile
538 2370 571 2423 ut
594 2364 689 2441 quivis
711 2361 781 2423 hinc
803 2380 928 2423 noscero
950 2366 1044 2442 possit

151 2468 216 2511 esse
231 2453 358 2512 animam
371 2471 439 2512 cum
453 2452 550 2512 animo
565 2452 759 2531 coniunctam,
779 2468 853 2529 quac
868 2469 935 2511 cum
949 2453 1039 2511 animi
1052 2449 1085 2513 oi

76 2546 332 2620 loo-percussast,
356 2543 434 2600 exim
458 2557 564 2617 corpus
587 2539 725 2618 propellit
747 2546 777 2599 et
799 2542 859 2600 icit.

193 2625 272 2687 llaec
296 2627 399 2688 eadem
421 2630 497 2688 ratio
520 2634 655 2687 naturam
678 2629 768 2687 animi
791 2635 878 2707 atque
901 2629 1010 2688 animai

145 2732 323 2793 corpoream
347 2715 433 2776 docet
456 2733 534 2775 esse:
557 2715 609 2775 ubi
632 2718 711 2775 enim
733 2716 899 2794 propellere
922 2716 1066 2798 membra,

150 2804 301 2881 corripere
325 2822 360 2864 ex
384 2822 488 2864 somno
511 2821 631 2883 corpus,
653 2811 827 2882 mutareque
850 2803 962 2864 vultum

150 2897 238 2968 atquo
260 2891 411 2951 hominem
434 2898 529 2952 totum
552 2909 655 2969 regere
679 2910 713 2951 ac
734 2909 852 2951 versare
876 2891 1005 2972 videtur,

77 2994 130 3043 loo
150 2996 277 3057 quorum
299 2979 343 3039 nil
365 2981 431 3039 fieri
454 2982 518 3039 sine
541 2985 621 3039 tactu
644 2996 731 3058 posse
755 2979 902 3060 videmus,

149 3085 204 3127 nec
226 3073 337 3127 tactum
360 3085 449 3146 porro
474 3068 537 3126 sine
561 3084 697 3147 corpore,
721 3084 819 3127 nonno
842 3067 1021 3128 fatendumst

150 3173 292 3234 corporea
315 3164 418 3216 natura
442 3156 573 3215 animum
597 3162 731 3215 constare
754 3152 962 3233 animamque?

148 3250 301 3323 praeterea
323 3246 435 3322 pariter
458 3242 541 3320 iungi
565 3261 631 3303 cum
655 3261 779 3322 corpore
803 3251 832 3303 et
855 3262 913 3303 una

149 3333 317 3392 consentire
341 3334 472 3392 animum
495 3329 580 3391 nohis
604 3334 635 3391 in
659 3349 782 3409 corpore
806 3333 911 3391 cernis.

77 3436 129 3486 170
150 3421 176 3480 si
198 3421 297 3479 minus
322 3418 444 3480 offendit
466 3421 554 3479 vitam
578 3421 622 3479 vis
644 3419 764 3479 horrida
786 3419 838 3480 teli

149 3506 266 3569 ossibus
289 3526 324 3568 ac
346 3511 446 3568 nervis
470 3507 607 3569 disclusis
630 3510 711 3570 intus
734 3507 852 3589 adacta,
