2430 3878
99 182 188 243 XXVI
461 179 744 237 PROLEGOMENA.

98 329 152 392 ur.
170 329 242 390 baec
260 328 349 389 rerba
367 331 508 411 retinent3
528 336 558 390 et
574 325 682 391 mdbb
698 337 767 390 eum
782 324 907 407 facim
922 345 976 406 per
994 343 1104 389 senon

99 420 198 479 miuus
230 427 310 478 recte
343 436 375 479 se
407 417 508 498 babet,
540 424 586 478 est
615 419 694 478 enim
726 424 859 478 nostrum
888 413 999 477 ‘iudom
1027 410 1105 497 (sine

99 505 231 567 dadurch
262 498 345 588 dass)
373 508 417 566 sie
450 509 493 567 sie
524 505 618 566 weioh
645 505 782 584 macheu,
811 507 886 583 sive,
915 503 1009 564 weioh
1039 504 1105 565 sein

99 589 222 674 lassen’3
240 592 315 653 male
334 596 426 672 igitur
438 593 524 655 Bern.
540 592 643 654 scribit
660 589 768 655 mollio
785 590 955 672 conficient.
983 597 1105 670 apparet

100 682 220 762 deesse,
245 682 316 760 quid
343 681 386 743 illi
413 683 538 743 reddant
565 699 688 759 corpore
715 683 822 761 prima,
849 680 950 744 mollia
971 698 1040 740 cum
1062 678 1098 739 la·

100 772 192 851 ciant3
220 770 298 848 quod
326 772 366 832 ita
393 773 424 831 in
452 780 552 850 aperto
582 777 640 850 est,
666 777 701 830 nt
727 777 757 830 et
784 768 929 834 Christius
956 787 984 847 p.
1005 765 1045 829 17
1075 775 1106 827 et

100 857 189 919 Goeb.
215 865 327 937 quaest.
349 857 465 920 Lucret.
488 878 515 938 p.
536 853 579 918 14
601 864 631 917 ot
653 858 757 919 lllnnro
784 861 915 937 itemque
937 857 1050 918 Susem.
1074 862 1105 915 et

101 965 154 1025 ego
178 949 209 1007 in
232 964 267 1007 eo
291 950 528 1008 consenserimus
551 946 696 1007 excidisse
714 947 779 1027 hoc,
802 965 852 1006 eos
872 947 985 1006 semina
1003 961 1106 1006 rerum

101 1034 234 1095 mortalia
256 1035 394 1115 reddere,
417 1035 453 1096 cl.
479 1033 579 1115 philol.
598 1033 674 1094 XXV
689 1033 730 1096 76
741 1053 784 1114 sq.
807 1033 877 1094 Poll.
896 1033 996 1113 philol.
1014 1031 1106 1093 XXVI

102 1121 174 1184 323.
214 1124 320 1200 quodsi
342 1123 596 1202 simplicissimum
619 1125 745 1201 quicque
769 1125 913 1200 optimum
936 1121 1010 1182 solet
1028 1139 1105 1200 esse,

102 1229 189 1290 quam
216 1210 322 1272 falsum
349 1213 388 1272 sit
409 1212 458 1273 hic
484 1212 647 1273 remedium
672 1210 837 1272 litterarum
858 1210 1065 1271 mutandarum
1088 1227 1105 1268 a

101 1298 286 1360 Lachmanno
316 1298 480 1363 adhibitum
510 1300 698 1360 manifestum
728 1308 782 1360 est.
831 1301 952 1360 tertium
985 1298 1106 1358 alleram

102 1387 269 1466 exemplum
294 1405 354 1447 non
376 1391 474 1449 minus
497 1387 686 1450 luculentum.
725 1389 756 1447 in
779 1386 797 1446 l.
820 1387 859 1447 lll
877 1406 903 1447 v.
919 1383 981 1449 758
993 1404 1035 1464 sq.
1059 1393 1106 1446 est

102 1477 134 1534 in
166 1473 330 1535 codicibus:
361 1473 411 1538 sio
440 1474 565 1538 animos
592 1472 752 1536 minum
785 1473 886 1537 dicem
913 1472 949 1536 aba
977 1489 1106 1552 corporo

101 1579 218 1641 semeber
243 1560 290 1624 ire
315 1559 454 1625 bumana
468 1609 562 1624 .....
582 1609 589 1626 .
609 1566 665 1644 eis,
693 1582 766 1642 qnae
794 1563 975 1642 praecedunt
996 1562 1106 1622 iudea

103 1671 127 1711 v.
144 1647 206 1713 739
225 1685 266 1695 -
286 1651 322 1711 ad
345 1671 370 1711 r.
386 1649 463 1733 757,
489 1652 612 1714 docetur
638 1651 764 1714 absurde
792 1651 874 1712 credi
902 1653 1027 1730 animas,
1050 1652 1105 1709 im-

103 1739 241 1801 mortales
269 1758 343 1818 quae
371 1741 443 1822 sint,
465 1743 625 1820 migrantes
648 1742 688 1799 ita
711 1741 822 1800 intrare
845 1742 876 1800 in
898 1739 1051 1800 bominum
1076 1745 1107 1798 et

102 1827 265 1888 bestiarum
292 1845 428 1908 corpora,
457 1835 490 1891 ut
520 1847 577 1907 pro
603 1829 650 1889 sui
677 1845 809 1906 quaeque
839 1829 973 1906 corporis
1001 1834 1106 1886 natura

103 1923 243 1977 mutetur.
278 1915 427 1994 reliquum
450 1924 521 1997 erat,
544 1924 578 1978 nt
600 1914 678 1977 obici
696 1915 753 1975 sibi
772 1917 896 1994 fingeret
913 1921 999 1994 poeta
1016 1932 1106 1994 posse

104 2007 145 2064 ita
173 2022 237 2064 sese
264 2022 328 2065 rem
350 2004 474 2086 habere,
499 2011 533 2065 ut
555 2005 715 2065 mutatione
739 2022 813 2082 oprrs
834 2022 895 2063 non
918 2009 1011 2083 esset,
1038 2020 1106 2063 oum

104 2092 218 2153 scilicet
250 2093 282 2153 iu
310 2110 395 2153 snum
424 2111 555 2172 quaeque
583 2095 680 2153 anima
707 2109 813 2170 corpus
840 2094 973 2152 intraret.
1019 2098 1049 2151 et
1074 2091 1105 2150 id

103 2183 202 2260 ipsum
229 2179 341 2241 dictum
367 2181 461 2243 luisse
488 2199 503 2245 a
527 2180 664 2241 Lucretio
686 2186 813 2241 testatur
836 2198 940 2240 versus
964 2177 1041 2259 761,
1069 2178 1106 2238 dc

105 2288 162 2347 quo
189 2275 299 2348 postea.
345 2269 398 2329 sed
424 2276 504 2330 extat
527 2269 605 2330 aliud
628 2270 826 2330 certissimum
850 2269 966 2346 signum
989 2273 1105 2346 poetam

55 2410 56 2413 ,
102 2376 163 2418 non
185 2357 221 2417 de
244 2356 397 2417 bominum
419 2359 524 2417 animis
547 2356 677 2417 solorum
703 2355 833 2417 locutum
861 2373 939 2436 esse,
966 2373 1048 2437 nam,
1074 2361 1108 2415 nt

104 2445 173 2526 dixi,
191 2447 223 2504 in
241 2443 325 2504 libris
344 2452 390 2504 est
406 2442 457 2508 sio
473 2442 606 2506 attvt'moe.
642 2444 713 2524 quid
732 2447 822 2521 igitur
840 2443 959 2523 iaciunt,
983 2446 1034 2522 qui
1050 2443 1107 2503 hoc

102 2531 147 2595 aa'e
173 2534 204 2591 iu
231 2529 291 2594 siro
317 2539 430 2593 mutant
456 2532 597 2594 Marullus
624 2540 654 2593 et
681 2550 776 2611 nuper
802 2530 897 2593 ime.
916 2528 991 2592 Mu?
1040 2549 1107 2592 seu·

103 2622 226 2682 tentiam
259 2627 466 2702 corrumpunt,
497 2639 564 2682 oum
596 2621 729 2682 elliciunt
756 2626 789 2681 ut
815 2638 920 2699 parum
947 2619 1108 2680 attendisse

104 2709 237 2770 videatur
259 2707 424 2789 Lucretius,
447 2711 556 2788 qnippe
576 2711 704 2788 quinon
723 2709 831 2769 viderit
847 2726 908 2769 non
926 2708 962 2768 de
981 2707 1108 2768 homini·

103 2796 160 2858 bus
188 2795 259 2857 solis
287 2796 339 2862 sed
366 2799 456 2858 etiam
478 2798 514 2859 de
542 2800 649 2859 ceteris
672 2796 848 2858 animalibus
871 2796 929 2857 sibi
951 2794 1110 2856 dicendum

104 2887 204 2946 luisse.

193 2972 267 3033 Sunt
294 2975 326 3033 in
353 2975 397 3033 eis
425 2975 618 3056 coniecturis,
645 2973 752 3053 quibus
775 2972 993 3052 Lachmannus,
1015 2988 1109 3050 paene

104 3062 168 3121 dixi
198 3062 283 3122 vacui
317 3061 441 3122 horrore
473 3062 598 3141 quodam
634 3062 754 3142 ductus,
792 3061 907 3121 hiantes
938 3060 1109 3121 lacunarum

106 3151 191 3229 quasi
222 3151 344 3210 fissuras
375 3168 435 3211 non
468 3149 631 3228 explevisse
663 3150 716 3210 sed
748 3148 906 3210 oblinendo
939 3166 1110 3209 ocoaeoasse

105 3238 252 3317 putandus
276 3244 335 3318 est,
358 3237 515 3299 nonnullae
538 3238 697 3318 eiusmodi,
720 3243 753 3298 ut
775 3239 870 3298 virum
894 3238 1026 3317 ingenio,
1051 3255 1109 3316 quo

106 3334 224 3405 praeter
242 3344 345 3386 omnes
363 3325 495 3406 florebat,
513 3325 638 3387 abusum
656 3327 816 3406 existimes,
836 3343 871 3385 ea
889 3326 1020 3386 scribere
1040 3327 1111 3386 satis

105 3413 276 3496 habentem,
305 3433 379 3493 quae
402 3412 540 3474 Lucretio
563 3421 643 3475 certe
666 3432 726 3475 non
749 3413 870 3492 indigna
893 3431 958 3474 esse
981 3421 1112 3493 putaret3

104 3502 139 3561 ol,
165 3521 269 3563 comm.
294 3502 330 3562 ad
355 3498 466 3584 7147,
493 3501 545 3564 ubi
567 3505 631 3582 ipse
654 3509 780 3564 testatur
802 3520 834 3561 se
858 3504 898 3561 ita
920 3519 984 3562 rem
1007 3504 1112 3580 egisse.
