2430 3878
98 178 163 244 110
586 175 625 230 IV

168 324 218 386 illa
239 323 324 384 tibist
346 325 437 401 igitur
459 322 617 384 verborum
640 325 723 403 copia
747 342 829 384 cassa

97 428 150 479 433
169 415 278 493 omnis,
302 430 377 491 quae
401 418 503 472 contra
526 430 630 472 sensus
653 414 798 472 instructa
821 416 960 490 paratast.

99 517 149 568 311
168 503 296 579 denique
319 502 407 560 utin
431 499 554 580 fabrica,
578 503 604 560 si
626 508 743 579 pravast
764 499 866 578 regula
888 501 1000 579 prima,

169 607 330 668 normaque
354 591 381 648 si
403 587 602 648 fallaxrectis
626 588 797 666 regionibus
821 590 894 667 exit,

170 686 200 738 et
222 676 320 737 libella
343 675 440 755 aliqua
463 678 489 736 si
511 695 548 736 ex
570 679 648 755 parti
671 675 815 737 claudicat
836 675 943 757 hilum,
1068 696 1102 736 sn

170 769 268 826 omnia
291 765 431 825 mendose
454 765 520 824 fieri
542 772 629 842 atque
653 764 768 844 obstipa
791 772 943 825 necessest

100 870 152 921 333
170 873 258 933 prava
281 853 418 914 cubantia
440 871 533 931 prona
557 855 661 931 supina
684 861 770 932 atque
795 853 904 913 absona
927 859 1019 932 tecta,

101 957 154 1010 313
172 946 230 1003 iam
253 959 340 1002 ruere
364 949 397 1001 ut
419 941 561 1020 quaedam
584 941 738 1002 videantur
760 940 847 1023 velle,
870 949 1019 1019 ruantque

170 1030 287 1111 prodita
310 1029 428 1090 iudiciis
451 1028 602 1090 fallacibus
626 1032 724 1090 omnia
746 1032 851 1108 primis
875 1062 916 1071 —

172 1122 215 1180 sic
238 1120 329 1197 igitur
351 1121 427 1178 ratio
449 1117 505 1177 tibi
528 1136 628 1178 rerum
651 1136 740 1197 prava
763 1125 914 1178 necessest
1072 1138 1110 1180 313

171 1206 301 1286 falsaque
326 1208 376 1286 sit,
399 1205 480 1266 falsis
504 1224 704 1285 quaecumque
728 1205 764 1265 ab
789 1205 926 1266 sensibus
950 1213 1053 1266 ortast.

101 1311 153 1362 333
216 1295 301 1355 Ν333
324 1294 373 1353 3111
397 1313 502 1354 sensus
526 1313 583 1373 quo
606 1302 692 1373 pacto
716 1297 843 1374 quisque
866 1312 949 1354 suam
973 1312 1038 1354 rem

102 1401 156 1452 521
173 1385 292 1461 sentiat,
314 1382 392 1442 haud
416 1400 562 1461 quaquam
584 1385 659 1442 ratio
683 1401 825 1463 scruposa
846 1381 987 1442 relictast

216 1471 365 1548 Principio
389 1470 508 1531 auditur
531 1488 620 1530 sonus
644 1477 675 1530 et
696 1489 752 1531 vox
775 1473 883 1551 omnis,
906 1473 938 1529 in
961 1473 1043 1530 auris

172 1562 320 1619 insinuata
344 1577 397 1618 suo
421 1558 561 1638 pepulere
584 1558 637 1618 ubi
660 1577 784 1638 corpore
808 1576 936 1619 sensum.
1072 1583 1114 1624 333

173 1664 345 1725 corpoream
367 1663 467 1707 3333111
489 1665 605 1725 quoque
628 1650 708 1707 enim
731 1655 866 1708 constare
889 1647 1071 1708 fatendumst

103 1752 155 1801 510
174 1743 204 1795 et
226 1736 369 1814 sonitum,
394 1737 531 1812 quoniam
553 1742 679 1812 possunt
700 1735 843 1814 inpellere
866 1753 981 1796 seusus

103 1839 158 1890 526
172 1830 324 1902 praeterea
346 1822 424 1882 radit
446 1840 501 1882 vox
525 1823 624 1883 fauces
648 1842 748 1904 saepe,
770 1825 897 1902 facitque
988 1835 990 1840 ’

174 1913 325 1990 asperiora
347 1911 426 1971 foras
449 1911 586 1988 gradiens
610 1913 718 1972 arteria
741 1911 863 1991 clamor,

175 2001 297 2079 quippe,
320 2017 374 2078 per
397 2006 554 2076 angustum
576 1998 662 2059 turba
685 2001 795 2060 maiore
819 2007 919 2060 coorta
1073 2024 1116 2066 ooo

174 2090 218 2147 ire
243 2088 321 2148 foras
344 2086 396 2147 ubi
419 2095 580 2165 coeperunt
601 2088 763 2165 primordia
786 2106 897 2149 vocum.

103 2191 155 2242 313
175 2175 301 2256 scilicet,
324 2174 449 2254 expletis
473 2194 590 2254 quoque
613 2177 701 2236 ianua
723 2176 837 2236 raditur
860 2179 934 2256 oris,

599 2283 616 2320 ss

105 2369 158 2420 531
175 2353 253 2413 baud
276 2354 367 2430 igitur
389 2351 541 2412 dubiumst
565 2354 635 2429 quin
658 2369 744 2412 voces
768 2351 915 2431 verbaque
938 2360 1077 2415 constent

92 2503 95 2508 ,
175 2442 326 2519 333333313
350 2457 366 2499 3
388 2442 558 2520 principiis,
582 2447 614 2500 ut
636 2440 753 2500 laedere
775 2443 899 2519 possint.

175 2534 281 2588 necte
305 2526 378 2587 fallit
400 2530 472 2587 item
495 2527 565 2605 quid
589 2531 722 2607 corporis
746 2529 859 2589 auferat
881 2537 911 2589 et
934 2530 1005 2608 quid
1074 2554 1118 2595 333

175 2614 310 2676 detrabat
332 2633 368 2674 ex
391 2615 543 2675 hominum
566 2619 665 2676 nervis
688 2635 721 2676 ac
744 2617 858 2677 viribus
878 2620 954 2696 ipsis

105 2720 157 2771 313
174 2711 336 2784 perpetuus
360 2721 457 2763 sermo
481 2707 576 2782 nigrai
599 2707 694 2765 noctis
717 2705 754 2765 ad
776 2704 911 2764 umbram

105 2809 160 2860 536
177 2809 298 2853 aurorae
322 2791 482 2870 perductus
506 2792 541 2852 ab
565 2795 716 2852 exoriente
739 2795 849 2873 nitore,

175 2881 352 2960 praesertim
375 2882 401 2939 si
424 2898 491 2940 cum
514 2889 658 2941 summost
680 2881 808 2941 clamore
831 2882 981 2960 profusus·

175 2987 245 3047 ergo
269 2986 441 3046 corpoream
463 2986 565 3029 vocem
588 2978 722 3030 constare
746 2977 911 3050 necessest,
1075 2994 1118 3034 313

175 3057 266 3118 multa
289 3056 413 3135 loquens
437 3060 575 3135 quoniam
598 3060 706 3118 amittit
728 3058 764 3119 de
788 3076 912 3137 corpore
936 3067 1060 3138 partem.

106 3164 156 3212 313
175 3140 184 3228 ll
198 3147 341 3224 asperitas
365 3152 462 3205 autem
485 3148 565 3205 vocis
588 3146 621 3206 fit
644 3145 679 3205 ab
703 3148 861 3226 asperitate
1076 3169 1116 3211 333

106 3250 157 3300 341
175 3235 404 3314 principiorum,
428 3240 458 3293 et
480 3236 551 3294 item
573 3233 654 3294 levor
677 3234 775 3296 levore
798 3242 929 3296 creatur:

176 3340 231 3381 nec
254 3321 344 3382 simili
367 3329 523 3400 penetrant
545 3324 626 3382 auris
649 3323 810 3402 primordia
834 3323 939 3405 forma,
1077 3348 1118 3388 311

178 3428 245 3471 cum
267 3408 337 3469 tuba
361 3410 502 3488 depresso
527 3413 653 3488 graviter
677 3410 731 3472 sub
754 3430 907 3473 murmure
931 3415 1026 3491 mugit

171 3506 204 3558 et
223 3497 351 3559 reboant
374 3516 498 3560 raucum
521 3506 602 3560 retro
624 3499 691 3560 loca
709 3499 836 3560 barbara
856 3500 1010 3581 bombum,
