2430 3878
159 179 202 242 98
641 174 680 228 IV

161 342 194 391 60
212 331 366 385 nascentes
389 326 523 403 mittunt,
546 330 576 383 et
599 325 670 383 item
693 341 760 383 eum
783 321 896 383 lubrica
920 339 1045 400 serpens

214 415 295 473 exuit
317 414 348 473 in
371 414 465 490 spinis
488 419 612 471 vestem:
635 429 702 471 nam
726 430 813 490 saepe
836 410 968 471 videmus

161 518 197 568 60
213 501 330 561 illarum
353 500 455 579 spoliis
478 517 583 578 vepres
607 499 795 560 volitantibus
819 505 932 559 auctas:

214 608 288 668 quae
312 591 449 668 quoniam
472 589 560 668 fiunt,
583 590 680 649 tenuis
704 605 819 666 quoque
843 586 931 647 debet
953 589 1051 664 imago

214 677 250 737 ah
273 676 364 737 rebus
386 678 476 756 mitti,
502 693 615 736 summo
639 676 675 736 de
699 694 822 754 corpore
846 693 954 736 rerum.

162 782 195 832 cs
213 784 282 825 nam
304 784 357 826 cur
380 763 429 824 illa
453 764 557 824 cadant
579 766 672 842 magis
696 764 731 824 ab
754 763 903 841 rebusque
926 763 1070 824 recedant
1143 784 1167 825 aa

214 871 301 933 quam
324 872 398 932 quae
421 855 518 913 tenvia
542 859 623 932 sunt,
645 852 809 912 hiscendist
831 851 911 912 1111111
934 858 1083 930 potestas:

163 958 197 1008 65
214 944 389 1021 praesertim
412 959 480 1001 cum
502 944 562 1001 sint
584 943 615 1000 in
639 942 760 1001 summis
784 959 907 1018 corpora
929 940 1020 1000 rebus

214 1030 306 1090 muita
328 1032 455 1111 minuta,
478 1031 535 1089 iaoi
558 1047 632 1107 quae
654 1031 769 1108 possint
792 1028 895 1088 ordine
918 1028 1023 1089 eodem

216 1136 273 1198 quo
296 1119 407 1178 inerint
429 1125 459 1178 et
481 1118 586 1177 formai
609 1135 725 1177 servare
749 1118 885 1197 figuram,

164 1224 197 1271 70
216 1214 246 1267 et
268 1206 359 1267 multo
383 1208 484 1286 citius,
508 1212 615 1285 quanto
638 1207 736 1266 minus
759 1205 928 1284 indupediri

215 1314 307 1375 pauca
330 1301 443 1373 qucum
465 1301 494 1354 11
516 1311 594 1372 quoe
619 1301 687 1354 sunt
708 1296 804 1372 prima
826 1295 922 1353 fronte
946 1293 1049 1355 iocata.

164 1399 199 1449 70
217 1401 285 1443 nam
307 1389 387 1443 certe
410 1385 506 1442 iacere
530 1401 563 1442 11
586 1382 686 1459 largiri
708 1382 800 1442 muita
822 1381 970 1462 videmus,

216 1489 276 1531 non
300 1471 395 1530 solum
418 1489 454 1530 ex
477 1470 535 1530 alto
557 1472 746 1550 penitusque,
769 1477 803 1531 ut
825 1470 952 1531 diximus
976 1477 1059 1552 ante,

216 1577 319 1620 verum
343 1558 378 1618 de
403 1561 525 1618 summis
548 1559 645 1636 ipsum
669 1577 785 1636 quoque
809 1577 896 1636 saepe
919 1558 1058 1619 colorem.

166 1656 247 1712 7511
269 1646 352 1725 volgo
376 1646 487 1706 iaciunt
509 1645 539 1705 id
563 1646 641 1706 lutea
663 1665 806 1725 russaque
830 1645 893 1707 vela

218 1741 248 1795 et
270 1735 432 1813 ferrugine,
456 1752 522 1794 cum
545 1736 659 1812 magnis
682 1737 794 1795 intenta
818 1734 940 1794 theatris

165 1840 200 1888 75
217 1841 271 1903 per
292 1822 385 1881 malos
407 1821 521 1900 volgata
544 1822 700 1900 trabesque
723 1824 880 1882 trementia
902 1822 1020 1882 ssutant:

218 1929 343 1989 namque
366 1910 408 1970 ibi
432 1928 604 1970 consessum
627 1912 726 1970 caveai
749 1917 850 1990 supter
873 1917 903 1970 et
926 1928 1042 1970 omnem

219 2001 335 2059 scaenai
358 2000 486 2076 speciem
508 1997 627 2059 Parium
649 2016 836 2077 marmorque
859 1998 983 2059 deorum

166 2104 200 2152 80
219 2088 354 2147 inficiunt
377 2093 542 2166 coguntque
566 2104 619 2147 suo
642 2086 757 2147 fluitare
781 2087 892 2146 colore:

219 2183 249 2236 et
272 2182 379 2255 quanto
403 2177 514 2235 circum
537 2193 621 2252 mage
645 2183 714 2235 sum
736 2174 848 2236 inclusa
871 2175 980 2235 theatri

166 2280 203 2330 80
220 2266 348 2344 moenia,
370 2270 430 2323 tam
453 2265 546 2342 magis
569 2263 625 2323 hoc
647 2265 727 2323 intus
750 2264 869 2342 perfusa
891 2262 992 2342 lepore

219 2355 317 2412 omnia
340 2350 495 2412 conrident
517 2358 652 2430 correpta
675 2351 740 2412 luce
764 2351 832 2411 diei.

219 2458 288 2519 ergo
312 2440 402 2500 lintea
426 2439 462 2499 de
486 2457 600 2499 summo
624 2458 690 2500 oum
714 2458 837 2518 corpore
860 2440 961 2500 fucum

167 2531 352 2607 comittunt,
376 2527 487 2606 effigias
511 2545 627 2606 quoque
651 2527 760 2588 debent
782 2530 899 2588 mittere
922 2530 1018 2588 tenvis
1148 2551 1174 2591 11

219 2634 268 2675 res
292 2633 437 2694 quaeque,
461 2633 496 2674 111
520 2633 635 2675 summo
659 2618 797 2694 quoniam
820 2616 984 2676 iaculantur
1007 2623 1142 2695 utraque.

167 2719 204 2770 85
220 2710 290 2764 sunt
312 2704 403 2781 igitur
424 2704 483 2762 iam
505 2703 666 2764 formarum
689 2706 812 2782 vestigia
835 2712 928 2784 certa,

220 2810 294 2870 quae
317 2790 401 2869 volgo
424 2790 546 2851 volitant
569 2791 671 2852 subtili
693 2791 825 2871 praedita
848 2790 896 2850 filo

219 2898 274 2940 1111
298 2879 469 2956 singillatim
492 2887 616 2958 possunt
639 2888 753 2940 secreta
774 2880 877 2939 videri.

168 2982 201 3032 90
220 2975 371 3047 praeterea
395 2970 490 3027 omnis
514 2967 586 3027 odor
608 2967 707 3028 fumus
730 2986 820 3047 uapor
843 2975 930 3046 atque
954 2968 1027 3028 aliae
1051 2987 1100 3029 res
1151 2992 1177 3031 so

221 3056 390 3116 consimiles
413 3056 479 3115 ideo
503 3056 625 3116 diffusae
650 3075 665 3116 e
689 3055 778 3116 rebus
802 3055 964 3136 abundant,

167 3161 204 3210 90
221 3163 257 3204 ex
280 3144 338 3203 aito
362 3145 430 3222 quia
453 3144 523 3204 dum
547 3146 668 3204 veniunt
690 3147 869 3205 intrinsecus
892 3151 987 3224 ortae,

222 3232 398 3293 scinduntur
420 3252 474 3311 per
497 3235 555 3292 iter
577 3231 698 3312 flexum,
722 3251 777 3293 neo
800 3240 880 3293 recta
903 3234 1016 3293 viarum

222 3323 296 3381 ostia
320 3329 401 3401 sunt,
424 3339 481 3399 qua
504 3319 682 3380 contendant
705 3324 785 3381 exire
809 3327 934 3381 coortae.

169 3427 203 3474 95
223 3416 252 3469 at
275 3416 376 3469 contra
399 3411 497 3469 tenuis
521 3409 627 3468 summi
650 3409 820 3469 membrana
844 3409 951 3469 coloris
1154 3431 1179 3472 aa

217 3515 286 3557 cum
308 3499 431 3580 iacitur,
454 3496 497 3558 nil
521 3504 568 3559 est
591 3497 670 3578 quod
693 3515 759 3558 eam
779 3497 948 3575 discerpere
971 3499 1079 3579 possit,
