2430 3878
512 252 515 258 ⁴
584 221 623 275 Vl
1042 221 1106 288 189

97 375 155 429 650
172 377 202 430 61
224 369 323 430 videas
347 367 459 430 caelum
484 371 609 430 summai
630 371 721 430 totins
744 387 836 430 unum
1068 391 1107 433 666

177 476 265 538 quam
289 459 328 518 sit
349 457 470 537 parvula
491 476 560 537 pars
584 465 614 518 et
637 475 723 536 quam
745 457 913 519 multesima
935 465 1062 538 constet,

99 562 152 613 646
171 566 227 608 666
249 552 310 606 1616
332 563 414 626 pars,
436 544 524 606 homo
547 548 639 606 terrai
660 553 749 626 quota
771 548 863 607 totius
885 565 970 608 unus.

173 634 250 715 quod
273 634 349 694 bene
371 637 556 713 propositum
579 636 606 694 si
628 633 716 714 plane
737 641 894 695 contueare

172 743 206 784 66
227 722 328 783 videas
350 721 450 804 plane,
473 724 575 783 mirari
597 722 689 783 multa
711 722 870 802 relinquas.

99 818 158 870 655
170 813 310 892 numquis
334 813 413 871 enim
436 817 571 872 nostrum
593 813 731 891 miratur,
755 813 849 890 siquis
872 813 904 872 in
927 817 1008 871 artus
1049 831 1108 874 ,666

174 902 287 981 accepit
309 898 403 960 calido
427 899 533 960 febrim
556 900 671 960 fervore
695 906 825 960 coortam
1079 892 1086 898 ’

100 997 225 1056 660661
248 987 338 1049 alium
362 990 494 1067 quemvis
517 986 614 1049 morbi
635 1006 690 1067 per
712 987 845 1048 membra
867 982 1020 1047 dolorem?

174 1078 356 1158 opturgescit
379 1078 458 1136 enim
481 1075 579 1136 subito
600 1094 667 1157 pes,
690 1078 794 1155 arripit
816 1094 885 1136 acer

146 1206 148 1211 <
174 1185 262 1246 saepe
285 1164 369 1224 dolor
392 1164 509 1245 dentes,
531 1163 631 1225 oculos
654 1164 764 1225 invadit
786 1166 817 1224 in
840 1167 934 1244 ipsos,

101 1262 160 1314 660
175 1256 275 1315 existit
298 1271 383 1314 saoer
405 1254 482 1332 ignis
506 1259 536 1312 et
557 1254 618 1313 urit
640 1269 764 1332 corpore
787 1270 910 1332 serpens
1070 1273 1109 1313 ceo

175 1360 389 1422 quamcumque
413 1342 539 1420 arripuit
559 1341 667 1419 partim
688 1343 825 1420 repitque
848 1358 902 1419 per
925 1346 1021 1421 artus,

102 1447 155 1498 666
174 1433 328 1510 nimirum,
352 1431 420 1508 quia
444 1436 512 1489 sunt
534 1428 693 1489 multarum
716 1431 828 1488 semina
850 1446 964 1508 rerum,

175 1527 206 1580 et
228 1521 299 1579 satis
321 1517 394 1578 haec
416 1515 504 1577 tellus
527 1516 614 1577 nobis
637 1516 808 1595 caelumque
831 1515 900 1576 mali
923 1517 993 1597 lert,

173 1607 252 1669 unde
276 1612 364 1686 queat
386 1607 431 1665 vis
454 1607 592 1666 immensi
614 1622 804 1684 procrescere
826 1603 931 1664 morbi.

102 1703 158 1756 665
174 1699 217 1757 616
239 1698 331 1774 igitur
353 1696 408 1754 toti
431 1693 511 1754 caelo
533 1702 688 1772 terraeque
711 1692 902 1771 putandumst
1069 1713 1108 1754 666

174 1804 211 1846 ex
233 1785 348 1845 infinito
372 1784 444 1843 satis
468 1784 566 1843 omnia
588 1781 790 1862 suppeditare,

103 1891 156 1940 666
173 1872 252 1936 unde
275 1877 397 1951 repente
421 1876 510 1950 queat
531 1868 619 1930 tellus
643 1887 786 1930 concussa
807 1870 920 1930 moveri

174 1979 286 2043 perque
309 1977 390 2019 mare
414 1976 447 2019 ac
470 1965 565 2019 terras
587 1957 708 2035 rapidus
730 1974 906 2036 percurrere
929 1955 1032 2036 turbo,

175 2051 253 2130 ignis
276 2047 424 2108 abrmdare
448 2046 606 2126 Aetnaeus,
629 2044 831 2105 flammescere
854 2042 980 2104 caelum:

102 2146 159 2198 670
176 2140 207 2199 id
230 2154 347 2216 quoque
370 2136 450 2196 enim
474 2135 519 2215 111,
543 2140 573 2195 61
595 2132 752 2193 ardescunt
775 2131 912 2193 caelestia
934 2130 1056 2213 templa3
1070 2153 1109 2194 ero

176 2234 206 2288 et
227 2230 418 2303 tempestates
440 2221 564 2305 pluviae
578 2223 711 2300 graviore
735 2226 837 2281 coortu

103 2333 157 2384 666
177 2321 258 2395 6661,
280 2312 333 2373 ubi
355 2312 430 2372 lorte
453 2313 494 2370 ita
517 2328 548 2370 so
571 2308 734 2370 tetulerunt
756 2309 867 2368 semina
891 2324 1042 2386 aquarum.

176 2399 218 2464 ‘at
239 2403 328 2463 nimis
351 2408 397 2460 est
418 2401 524 2477 ingens
546 2397 665 2458 incendi
687 2395 823 2457 turbidus
847 2389 955 2456 ardor?

177 2490 303 2571 scilicet,
326 2487 485 2549 611166166
508 2488 559 2565 qui
581 2488 662 2546 risus
684 2484 821 2545 maximu’
845 2487 980 2563 cuiquest

599 2593 616 2632 6

104 2675 161 2728 675
178 2669 230 2747 qui
252 2684 312 2726 non
334 2671 401 2725 ante
425 2662 552 2741 aliquem
574 2664 716 2723 maiorem
739 2662 825 2743 vidit,
848 2668 879 2722 et
900 2663 1005 2741 ingens
1072 2681 1112 2722 666

177 2754 265 2816 arbor
286 2753 433 2832 homoque
455 2751 585 2832 videtur,
608 2758 638 2812 61
660 2753 757 2811 omnia
780 2751 816 2811 de
838 2767 946 2828 genere
969 2749 1050 2807 omni

104 2861 157 2911 660
176 2845 303 2907 maxima
325 2859 399 2921 quae
422 2839 496 2900 vidit
519 2841 657 2919 quisque,
679 2839 752 2899 baec
774 2839 904 2916 ingentia
926 2837 1023 2915 lingit,

176 2949 244 2992 cum
266 2937 365 2990 tamen
388 2931 486 2989 omnia
509 2946 576 2988 cum
599 2926 680 2988 eaelo
702 2933 839 3004 terraque
862 2925 996 3001 marique

175 3019 218 3080 nil
242 3021 302 3079 sint
324 3018 360 3078 ad
384 3034 528 3078 summam
552 3017 676 3076 summai
698 3016 789 3074 totius
813 3029 937 3072 omnem.

104 3116 162 3168 660
219 3106 305 3168 Nunc
328 3114 427 3166 tamon
449 3105 499 3165 illa
522 3105 617 3164 modis
640 3101 747 3183 quibus
770 3103 889 3161 inritata
911 3104 1033 3178 repente
1073 3122 1112 3162 eoo

175 3195 293 3257 flamma
314 3194 393 3254 foras
416 3196 506 3254 vastis
529 3193 638 3253 Aetnae
661 3188 830 3250 fornacibus
853 3187 945 3269 efflet,

104 3301 157 3352 676
176 3284 338 3364 expediam.
374 3283 504 3362 primum
526 3283 617 3341 totins
640 3278 765 3339 subcava
787 3278 897 3337 montis

176 3381 222 3434 est
243 3379 361 3453 natura,
384 3372 446 3431 iere
471 3367 586 3429 silicum
609 3364 727 3428 66116116
751 3365 892 3425 66666616.

176 3459 313 3522 omnibus
336 3466 382 3520 661
403 3476 493 3538 porro
516 3459 547 3516 in
571 3454 718 3536 speluncis
741 3460 845 3514 ventus
869 3459 899 3513 61
921 3456 980 3512 atr.

103 3556 278 3610 6666666166
301 3551 380 3608 enim
403 3548 449 3631 111,
473 3545 556 3609 ubist
579 3543 718 3628 agitanbo
738 3545 879 3625 pertitus
898 3545 969 3600 666.
1089 3554 1135 3592 oss
