2430 3878
125 194 250 249 LXXXII
488 195 769 252 PROLEGOMENA.

126 342 278 402 elementis
300 344 411 402 exitum
430 344 643 421 introitumque
661 343 809 403 redditum
829 349 937 402 extare,
973 341 1010 402 de
1030 342 1137 403 eadem

125 450 158 491 ro
185 430 234 490 bic
262 448 328 490 cum
357 430 466 490 dixisse
495 434 565 491 satis
589 438 717 510 apparet.
763 433 861 510 itaque
887 429 1000 491 caelum
1023 431 1136 492 loricae

126 526 287 599 comparat,
315 537 389 596 quae
422 520 517 579 iuerat
549 520 619 578 olim
645 519 793 598 pectorale
822 537 858 578 ex
885 518 957 578 loris
986 518 1023 579 de
1050 520 1136 579 corio

126 607 217 667 crudo
236 608 354 687 iactum,
376 614 410 668 nt
432 607 518 667 docet
535 606 615 667 Varr.
639 607 675 667 de
698 607 768 686 ling.
791 606 839 667 131.
857 606 882 665 V
898 625 927 685 p.
952 605 1024 687 121,
1042 624 1135 686 quem

125 695 223 755 locum
252 694 315 755 Lm.
342 697 406 772 ipse
434 696 531 755 affert:
564 698 595 755 in
627 713 684 773 quo
716 694 858 775 pectorali
883 694 1010 774 plurima
1038 695 1136 757 fuisse

125 784 268 843 foramina
300 782 384 843 facile
416 782 605 861 intellegitur.
654 786 712 843 iam
744 802 811 844 cum
842 801 896 862 per
927 782 1001 843 caeli
1032 783 1135 845 caulas

127 890 213 932 omne
250 890 342 949 genus
380 870 522 931 elementa
559 874 670 932 intrare
706 874 834 951 possint,
865 873 952 931 etiam
989 889 1024 932 33
1055 890 1136 950 quae

125 960 244 1020 morbos
272 961 401 1020 excitent
427 978 515 1038 posse
537 962 638 1020 venire
661 978 783 1020 neeesse
807 966 865 1039 est,
887 959 923 1019 cf.
947 956 1135 1041 655-659,

126 1055 212 1127 atque
235 1047 381 1126 pestilitas
404 1048 472 1107 inde
496 1055 559 1107 orta
583 1050 767 1108 extrinsecus
791 1065 917 1126 superne
940 1066 994 1126 per
1017 1047 1134 1109 caelum

126 1140 158 1196 in
188 1136 315 1214 aliquem
338 1135 435 1197 locum
458 1139 539 1196 venit
562 1129 692 1219 (1089),
715 1135 786 1196 alias
809 1155 825 1196 3
848 1142 927 1196 terra
950 1138 1014 1213 ipsa
1036 1139 1135 1197 oritur

127 1219 225 1306 (1091
248 1216 341 1307 sqq),
368 1232 431 1285 orta
457 1226 489 1284 in
516 1224 587 1284 alias
614 1232 709 1285 terras
737 1223 890 1284 advehitur
917 1215 1019 1306 (1132
1042 1218 1135 1308 sqq).

125 1313 174 1372 hic
202 1314 293 1391 igitur
315 1311 471 1373 Lucretius
498 1314 627 1391 primum
654 1312 790 1372 docuisse
816 1311 930 1372 eaelum
952 1329 1019 1372 3333
1040 1330 1135 1391 pene-

127 1399 231 1460 trabile
255 1400 388 1461 videmus
413 1399 643 1478 morborumque
666 1402 724 1459 vim
748 1401 855 1479 perid
878 1402 1001 1480 intrare,
1024 1399 1136 1461 deinde

127 1489 162 1548 de
195 1487 306 1548 morbis
338 1490 369 1548 in
401 1495 481 1548 certa
514 1488 638 1566 quadam
669 1495 749 1548 terra
778 1495 918 1566 certoque
945 1487 1025 1548 caelo
1053 1491 1136 1550 natis

126 1576 269 1656 loquitur,
298 1594 371 1654 quae
399 1578 430 1636 13
458 1575 536 1636 aliud
564 1575 676 1636 caelum
705 1575 834 1655 aliasque
862 1582 957 1636 terras
984 1576 1136 1638 facessere

126 1666 250 1744 possint,
268 1682 322 1743 per
343 1666 420 1723 aeris
445 1663 557 1724 scilicet
579 1663 777 1724 intervallum:
800 1664 873 1724 baec
896 1666 993 1724 omnia
1010 1663 1075 1725 vult
1099 1684 1135 1726 eo

127 1754 192 1812 beri
208 1770 305 1832 posse,
323 1752 401 1830 quod
419 1751 461 1811 nil
481 1755 519 1812 sit
537 1749 727 1814 3131331313
745 1770 866 1830 compare
882 1769 1004 1833 333333,
1022 1754 1113 1814 3131
1127 1802 1136 1814 .

127 1844 184 1901 iam
203 1840 292 1900 verba
310 1847 414 1918 poetae
433 1842 490 1900 etsi
513 1842 553 1900 ita
576 1848 608 1900 ut
631 1840 673 1900 nil
697 1843 807 1901 erroris
830 1839 1015 1919 relinquatur
1036 1844 1135 1921 recipi

127 1947 186 1988 non
217 1935 355 2008 possunt,
382 1928 454 1988 haec
486 1935 584 1988 tamen
617 1947 691 2007 quae
724 1929 867 1988 subiciam
899 1947 968 1988 vero
997 1931 1136 2008 proxima

126 2026 207 2097 puto,
223 2020 282 2076 nisi
297 2016 373 2094 quod
390 2016 425 2076 de
440 2034 527 2076 versu
542 2035 629 2094 quem
647 2019 711 2095 ipse
730 2017 788 2076 feei
806 2016 842 2076 ad
860 2017 993 2077 lacunam
1012 2017 1136 2096 explen-

127 2106 193 2164 dam
212 2105 286 2165 nihil
304 2105 446 2185 spondeo:
469 2102 609 2167 morbida
626 2103 730 2183 cisque
746 2101 840 2165 simol
863 2098 908 2188 (i)
931 2121 1000 2166 cam
1017 2104 1134 2168 catria-

126 2210 209 2255 secas
224 2191 404 2255 iastaaatm
418 2227 459 2235 -
475 2194 573 2253 malim
586 2191 830 2254 1333331331-
845 2190 924 2271 <per
937 2189 1063 2274 coelam,
1078 2197 1137 2256 aat

126 2300 195 2343 cam
210 2279 365 2361 pestilitas
387 2279 436 2342 la'e
457 2297 546 2360 saepe
567 2279 705 2361 accepti>
728 2298 749 2342 e
771 2283 947 2360 tempestate
970 2282 1017 2344 tm
1035 2275 1083 2365 (B.
1106 2285 1138 2345 et

127 2372 329 2448 tempestatem
343 2363 415 2452 OQ.)
433 2366 513 2431 caeto
528 2371 666 2448 temapae
684 2371 819 2445 coortast,
833 2367 869 2430 ia
886 2365 1003 2431 caelum
1020 2371 1135 2432 terras-

126 2475 182 2535 qae
208 2460 349 2520 remotas
374 2455 449 2518 iare
475 2451 619 2539 (remotae
644 2456 704 2528 00.
726 2455 814 2518 darae
837 2456 894 2528 00.
917 2455 986 2520 iare
1007 2457 1032 2519 0
1055 2477 1133 2520 corr.

127 2547 162 2605 ei.
182 2546 207 2605 11
229 2538 327 2627 1138)
345 2543 481 2623 facessit:
492 2592 498 2604 .
510 2593 533 2605 ..
548 2547 663 2607 coercet.
683 2547 712 2607 et
729 2547 900 2624 tempestate
917 2544 952 2606 ta
967 2594 973 2607 .
988 2592 994 2606 .
1010 2549 1135 2608 ‚coorta

126 2632 162 2694 ta
179 2629 296 2694 caelma
311 2680 317 2692 .
332 2679 338 2692 .
354 2679 360 2692 .
378 2635 509 2694 remotae
526 2631 600 2694 mm
610 2632 766 2713 facessam
778 2633 849 2714 Lm,
868 2652 941 2712 quae
956 2636 1030 2695 mire
1045 2653 1142 2711 enco-¹

127 2725 217 2800 gitata
235 2724 309 2782 mire
328 2723 546 2799 interpretatur.
580 2724 715 2802 coortast,
735 2768 785 2782 ...
803 2724 934 2784 remotas
951 2720 1020 2784 aare
1034 2721 1133 2803 faces-

126 2813 199 2871 saat
211 2810 371 2889 Renaysius
386 2809 498 2889 scribit,
519 2813 643 2888 quinon
658 2812 785 2870 senserit
797 2828 928 2889 pugnare
944 2813 1021 2871 inter
1036 2829 1068 2871 33
1082 2829 1133 2874 33-

127 2896 273 2959 tm‘asecas
282 2896 461 2959 iaslaaatar
471 2905 500 2958 et
509 2895 544 2959 m
553 2901 636 2960 term
647 2895 783 2977 caeloque
792 2899 928 2960 comtast.
946 2917 1006 2958 333
1016 2902 1133 2960 saniora

128 2994 196 3046 sunt
217 2986 368 3046 Munronis
394 2986 479 3046 haee:
506 2989 622 3049 coercet.
645 2989 684 3062 et,
707 2984 935 3066 tempestatem
1032 2990 1136 3050 comta

126 3070 266 3135 morbida
279 3072 382 3152 aisque
392 3121 398 3133 .
408 3121 414 3134 .
423 3121 429 3134 .
439 3072 626 3154 lasiaaatm,
640 3072 692 3135 ia.
703 3122 708 3134 .
720 3122 726 3134 .
736 3077 867 3136 memmae
882 3072 956 3137 ima
966 3074 1132 3154 facessant.

129 3182 144 3221 e
169 3169 322 3222 comment.
347 3161 438 3222 altero
464 3163 595 3223 videmus
619 3181 686 3223 eum
710 3162 797 3223 latine
822 3163 880 3223 diei
902 3182 989 3243 posse
1012 3172 1133 3243 putasse

128 3247 312 3329 ‘tempestate
337 3257 434 3310 coorta
459 3247 573 3328 visque'
596 3269 650 3329 pro
674 3269 708 3310 eo
728 3251 804 3329 quod
824 3269 889 3311 3333
909 3251 1034 3312 debebat
1053 3249 1134 3313 ‘cum

127 3346 286 3417 tempestas
305 3347 432 3398 coortast
452 3345 482 3398 et
495 3332 551 3398 vis’
570 3341 629 3399 sive
650 3336 787 3417 ‘cumque
805 3335 869 3399 vis'.
889 3373 931 3382 —
951 3335 1014 3402 951
1029 3337 1078 3402 aa
1091 3343 1136 3403 est

126 3425 191 3487 atsi
216 3443 344 3488 caram
369 3443 496 3504 corpore
517 3444 641 3488 accam:
673 3444 747 3488 mm
774 3444 895 3506 corpore
924 3445 1038 3490 333133
1065 3428 1134 3510 OQ,

115 3515 201 3588 paracl
220 3515 384 3576 absurdum
410 3521 464 3597 cst,
489 3515 541 3576 sed
565 3515 645 3596 quod
660 3514 865 3576 Lachmannus
887 3519 1006 3594 scripsit
1027 3536 1043 3578 a
1061 3516 1133 3578 Rer-

94 3603 206 3676 naysio
242 3611 273 3664 et
299 3603 453 3667 Munrone
485 3605 651 3688 probatum
676 3621 753 3685 raro
780 3601 903 3682 ompm'a'
933 3619 1143 3662 occurerem
