<?xml version="1.0" encoding="UTF-8"?>
<!DOCTYPE html PUBLIC "-//W3C//DTD XHTML 1.0 Transitional//EN"
    "http://www.w3.org/TR/xhtml1/DTD/xhtml1-transitional.dtd">
<html xmlns="http://www.w3.org/1999/xhtml" xml:lang="en" lang="en">
 <head>
  <title>
</title>
<meta http-equiv="Content-Type" content="text/html;charset=utf-8" />
  <meta name='ocr-system' content='tesseract 3.04.00' />
  <meta name='ocr-capabilities' content='ocr_page ocr_carea ocr_par ocr_line ocrx_word'/>
</head>
<body>
  <div class='ocr_page' id='page_1' title='image "./tlucreticarider01carugoog_0163.png"; bbox 0 0 2430 3878; ppageno 0'>
   <div class='ocr_carea' id='block_1_1' title="bbox 103 179 628 246">
    <p class='ocr_par' dir='ltr' id='par_1_1' title="bbox 103 179 628 246">
     <span class='ocr_line' id='line_1_1' title="bbox 103 179 628 246; baseline 0.002 0"><span class='ocrx_word' id='word_1_1' title='bbox 103 182 147 246; x_wconf 74' lang='lat'><strong>74</strong></span> <span class='ocrx_word' id='word_1_2' title='bbox 588 179 628 234; x_wconf 88' lang='grc' dir='ltr'><strong>ΙΠ</strong></span> 
     </span>
    </p>
   </div>
   <div class='ocr_carea' id='block_1_2' title="bbox 94 326 1089 3583">
    <p class='ocr_par' dir='ltr' id='par_1_2' title="bbox 94 326 1089 3583">
     <span class='ocr_line' id='line_1_2' title="bbox 172 326 900 409; baseline -0.001 -20"><span class='ocrx_word' id='word_1_3' title='bbox 172 328 245 390; x_wconf 95' lang='lat' dir='ltr'><strong>illud</strong></span> <span class='ocrx_word' id='word_1_4' title='bbox 267 330 299 389; x_wconf 93' lang='lat' dir='ltr'><strong>in</strong></span> <span class='ocrx_word' id='word_1_5' title='bbox 321 328 368 389; x_wconf 90' lang='lat' dir='ltr'><strong>his</strong></span> <span class='ocrx_word' id='word_1_6' title='bbox 391 326 481 388; x_wconf 88' lang='lat' dir='ltr'><strong>rebus</strong></span> <span class='ocrx_word' id='word_1_7' title='bbox 503 326 605 388; x_wconf 83' lang='lat' dir='ltr'><strong>videor</strong></span> <span class='ocrx_word' id='word_1_8' title='bbox 628 328 744 388; x_wconf 87' lang='lat' dir='ltr'><strong>firmare</strong></span> <span class='ocrx_word' id='word_1_9' title='bbox 768 335 900 409; x_wconf 77' lang='lat' dir='ltr'><strong>potesse,</strong></span> 
     </span>
     <span class='ocr_line' id='line_1_3' title="bbox 102 415 821 496; baseline -0.01 -12"><span class='ocrx_word' id='word_1_10' title='bbox 102 433 155 484; x_wconf 75' lang='lat'><strong>820</strong></span> <span class='ocrx_word' id='word_1_11' title='bbox 174 435 268 496; x_wconf 91' lang='lat' dir='ltr'><strong>usque</strong></span> <span class='ocrx_word' id='word_1_12' title='bbox 292 415 364 476; x_wconf 89' lang='lat' dir='ltr'><strong>adeo</strong></span> <span class='ocrx_word' id='word_1_13' title='bbox 388 423 559 476; x_wconf 91' lang='lat' dir='ltr'><strong>naturarum</strong></span> <span class='ocrx_word' id='word_1_14' title='bbox 581 419 704 495; x_wconf 90' lang='lat' dir='ltr'><strong>vestigia</strong></span> <span class='ocrx_word' id='word_1_15' title='bbox 726 415 821 495; x_wconf 87' lang='lat' dir='ltr'>linqui</span> 
     </span>
     <span class='ocr_line' id='line_1_4' title="bbox 173 504 954 586; baseline 0 -21"><span class='ocrx_word' id='word_1_16' title='bbox 173 504 303 586; x_wconf 87' lang='lat' dir='ltr'><strong>parvola,</strong></span> <span class='ocrx_word' id='word_1_17' title='bbox 327 523 402 583; x_wconf 92' lang='lat' dir='ltr'><strong>quae</strong></span> <span class='ocrx_word' id='word_1_18' title='bbox 425 511 552 583; x_wconf 82' lang='lat' dir='ltr'>nequeat</span> <span class='ocrx_word' id='word_1_19' title='bbox 574 506 649 564; x_wconf 90' lang='lat' dir='ltr'><strong>ratio</strong></span> <span class='ocrx_word' id='word_1_20' title='bbox 672 504 820 584; x_wconf 82' lang='lat' dir='ltr'><strong>depellere</strong></span> <span class='ocrx_word' id='word_1_21' title='bbox 843 505 954 586; x_wconf 87' lang='lat' dir='ltr'><strong>doctis,</strong></span> 
     </span>
     <span class='ocr_line' id='line_1_5' title="bbox 174 592 887 672; baseline -0.003 -18"><span class='ocrx_word' id='word_1_22' title='bbox 174 600 208 655; x_wconf 89' lang='lat' dir='ltr'><strong>ut</strong></span> <span class='ocrx_word' id='word_1_23' title='bbox 230 593 272 653; x_wconf 87' lang='lat' dir='ltr'><strong>nil</strong></span> <span class='ocrx_word' id='word_1_24' title='bbox 294 592 426 672; x_wconf 90' lang='lat' dir='ltr'><strong>inpediat</strong></span> <span class='ocrx_word' id='word_1_25' title='bbox 449 593 567 671; x_wconf 89' lang='lat' dir='ltr'><strong>dignam</strong></span> <span class='ocrx_word' id='word_1_26' title='bbox 590 593 636 653; x_wconf 88' lang='lat' dir='ltr'><strong>dis</strong></span> <span class='ocrx_word' id='word_1_27' title='bbox 659 592 767 671; x_wconf 81' lang='lat' dir='ltr'><strong>degere</strong></span> <span class='ocrx_word' id='word_1_28' title='bbox 789 595 887 652; x_wconf 86' lang='lat' dir='ltr'><strong>vitam.</strong></span> 
     </span>
     <span class='ocr_line' id='line_1_6' title="bbox 217 679 1003 762; baseline -0.001 -21"><span class='ocrx_word' id='word_1_29' title='bbox 217 681 296 742; x_wconf 87' lang='lat' dir='ltr'><strong>Haeo</strong></span> <span class='ocrx_word' id='word_1_30' title='bbox 318 683 408 759; x_wconf 89' lang='lat' dir='ltr'><strong>igitur</strong></span> <span class='ocrx_word' id='word_1_31' title='bbox 430 687 535 741; x_wconf 89' lang='lat' dir='ltr'><strong>natura</strong></span> <span class='ocrx_word' id='word_1_32' title='bbox 557 687 675 741; x_wconf 91' lang='lat' dir='ltr'><strong>tenetur</strong></span> <span class='ocrx_word' id='word_1_33' title='bbox 698 699 821 760; x_wconf 90' lang='lat' dir='ltr'><strong>corpore</strong></span> <span class='ocrx_word' id='word_1_34' title='bbox 844 679 880 740; x_wconf 91' lang='lat' dir='ltr'><strong>ab</strong></span> <span class='ocrx_word' id='word_1_35' title='bbox 904 682 1003 762; x_wconf 93' lang='lat' dir='ltr'><strong>omni,</strong></span> 
     </span>
     <span class='ocr_line' id='line_1_7' title="bbox 174 768 950 848; baseline 0 -19"><span class='ocrx_word' id='word_1_36' title='bbox 174 771 297 848; x_wconf 89' lang='lat' dir='ltr'><strong>ipsaque</strong></span> <span class='ocrx_word' id='word_1_37' title='bbox 321 771 454 848; x_wconf 86' lang='lat' dir='ltr'><strong>corporis</strong></span> <span class='ocrx_word' id='word_1_38' title='bbox 477 775 523 828; x_wconf 87' lang='lat' dir='ltr'><strong>est</strong></span> <span class='ocrx_word' id='word_1_39' title='bbox 545 776 644 829; x_wconf 91' lang='lat' dir='ltr'><strong>custos</strong></span> <span class='ocrx_word' id='word_1_40' title='bbox 667 776 696 829; x_wconf 83' lang='lat' dir='ltr'><strong>et</strong></span> <span class='ocrx_word' id='word_1_41' title='bbox 722 787 810 829; x_wconf 89' lang='lat' dir='ltr'><strong>causa</strong></span> <span class='ocrx_word' id='word_1_42' title='bbox 832 768 950 829; x_wconf 89' lang='lat' dir='ltr'><strong>salutis:</strong></span> 
     </span>
     <span class='ocr_line' id='line_1_8' title="bbox 103 856 957 938; baseline -0.011 -12"><span class='ocrx_word' id='word_1_43' title='bbox 103 875 156 926; x_wconf 71' lang='lat'><strong>325</strong></span> <span class='ocrx_word' id='word_1_44' title='bbox 174 876 242 918; x_wconf 90' lang='lat' dir='ltr'><strong>nam</strong></span> <span class='ocrx_word' id='word_1_45' title='bbox 265 856 471 918; x_wconf 89' lang='lat' dir='ltr'><strong>communibus</strong></span> <span class='ocrx_word' id='word_1_46' title='bbox 493 859 571 917; x_wconf 90' lang='lat' dir='ltr'><strong>inter</strong></span> <span class='ocrx_word' id='word_1_47' title='bbox 594 875 626 918; x_wconf 95' lang='lat' dir='ltr'><strong>se</strong></span> <span class='ocrx_word' id='word_1_48' title='bbox 649 856 797 918; x_wconf 83' lang='lat' dir='ltr'>radicibus</span> <span class='ocrx_word' id='word_1_49' title='bbox 819 857 957 938; x_wconf 82' lang='lat' dir='ltr'><strong>haerent,</strong></span> 
     </span>
     <span class='ocr_line' id='line_1_9' title="bbox 174 945 870 1024; baseline -0.001 -17"><span class='ocrx_word' id='word_1_50' title='bbox 174 964 229 1007; x_wconf 90' lang='lat' dir='ltr'><strong>nec</strong></span> <span class='ocrx_word' id='word_1_51' title='bbox 252 948 316 1006; x_wconf 89' lang='lat' dir='ltr'><strong>siue</strong></span> <span class='ocrx_word' id='word_1_52' title='bbox 338 947 469 1024; x_wconf 84' lang='lat' dir='ltr'><strong>pernicie</strong></span> <span class='ocrx_word' id='word_1_53' title='bbox 493 945 592 1005; x_wconf 88' lang='lat' dir='ltr'><strong>divelli</strong></span> <span class='ocrx_word' id='word_1_54' title='bbox 614 963 702 1024; x_wconf 91' lang='lat' dir='ltr'><strong>posse</strong></span> <span class='ocrx_word' id='word_1_55' title='bbox 724 945 870 1006; x_wconf 86' lang='lat' dir='ltr'><strong>videntur.</strong></span> 
     </span>
     <span class='ocr_line' id='line_1_10' title="bbox 175 1032 955 1114; baseline -0.003 -20"><span class='ocrx_word' id='word_1_56' title='bbox 175 1034 253 1114; x_wconf 93' lang='lat' dir='ltr'><strong>quod</strong></span> <span class='ocrx_word' id='word_1_57' title='bbox 276 1051 369 1112; x_wconf 87' lang='lat' dir='ltr'><strong>genus</strong></span> <span class='ocrx_word' id='word_1_58' title='bbox 392 1051 409 1093; x_wconf 91' lang='lat' dir='ltr'><strong>e</strong></span> <span class='ocrx_word' id='word_1_59' title='bbox 430 1032 527 1094; x_wconf 90' lang='lat' dir='ltr'><strong>thuris</strong></span> <span class='ocrx_word' id='word_1_60' title='bbox 550 1032 662 1112; x_wconf 83' lang='lat' dir='ltr'><strong>glaebis</strong></span> <span class='ocrx_word' id='word_1_61' title='bbox 684 1033 810 1094; x_wconf 91' lang='lat' dir='ltr'><strong>evellere</strong></span> <span class='ocrx_word' id='word_1_62' title='bbox 833 1032 955 1093; x_wconf 92' lang='lat' dir='ltr'><strong>odorem</strong></span> 
     </span>
     <span class='ocr_line' id='line_1_11' title="bbox 174 1121 1014 1202; baseline -0.001 -19"><span class='ocrx_word' id='word_1_63' title='bbox 174 1121 252 1183; x_wconf 90' lang='lat' dir='ltr'><strong>hand</strong></span> <span class='ocrx_word' id='word_1_64' title='bbox 275 1122 402 1202; x_wconf 77' lang='lat' dir='ltr'><strong>facilest,</strong></span> <span class='ocrx_word' id='word_1_65' title='bbox 426 1124 498 1201; x_wconf 88' lang='lat' dir='ltr'><strong>quin</strong></span> <span class='ocrx_word' id='word_1_66' title='bbox 520 1124 646 1182; x_wconf 87' lang='lat' dir='ltr'><strong>intereat</strong></span> <span class='ocrx_word' id='word_1_67' title='bbox 668 1128 773 1182; x_wconf 91' lang='lat' dir='ltr'><strong>natura</strong></span> <span class='ocrx_word' id='word_1_68' title='bbox 796 1139 913 1201; x_wconf 92' lang='lat' dir='ltr'><strong>quoque</strong></span> <span class='ocrx_word' id='word_1_69' title='bbox 937 1123 1014 1182; x_wconf 91' lang='lat' dir='ltr'><strong>eius.</strong></span> 
     </span>
     <span class='ocr_line' id='line_1_12' title="bbox 175 1211 970 1290; baseline -0.001 -19"><span class='ocrx_word' id='word_1_70' title='bbox 175 1212 218 1271; x_wconf 89' lang='lat' dir='ltr'><strong>sie</strong></span> <span class='ocrx_word' id='word_1_71' title='bbox 241 1212 332 1271; x_wconf 90' lang='lat' dir='ltr'><strong>animi</strong></span> <span class='ocrx_word' id='word_1_72' title='bbox 354 1217 441 1288; x_wconf 91' lang='lat' dir='ltr'><strong>atque</strong></span> <span class='ocrx_word' id='word_1_73' title='bbox 464 1211 578 1270; x_wconf 89' lang='lat' dir='ltr'><strong>animae</strong></span> <span class='ocrx_word' id='word_1_74' title='bbox 601 1217 736 1270; x_wconf 91' lang='lat' dir='ltr'><strong>naturam</strong></span> <span class='ocrx_word' id='word_1_75' title='bbox 759 1228 883 1290; x_wconf 89' lang='lat' dir='ltr'><strong>corporo</strong></span> <span class='ocrx_word' id='word_1_76' title='bbox 905 1216 970 1270; x_wconf 87' lang='lat' dir='ltr'><strong>toto</strong></span> 
     </span>
     <span class='ocr_line' id='line_1_13' title="bbox 103 1297 1024 1380; baseline 0 -21"><span class='ocrx_word' id='word_1_77' title='bbox 103 1315 156 1366; x_wconf 80' lang='lat' dir='ltr'><strong>aad</strong></span> <span class='ocrx_word' id='word_1_78' title='bbox 175 1299 330 1359; x_wconf 80' lang='lat' dir='ltr'><strong>extrahere</strong></span> <span class='ocrx_word' id='word_1_79' title='bbox 352 1298 424 1358; x_wconf 86' lang='lat' dir='ltr'><strong>haut</strong></span> <span class='ocrx_word' id='word_1_80' title='bbox 445 1298 571 1380; x_wconf 81' lang='lat' dir='ltr'><strong>facilest,</strong></span> <span class='ocrx_word' id='word_1_81' title='bbox 595 1300 667 1378; x_wconf 91' lang='lat' dir='ltr'><strong>quin</strong></span> <span class='ocrx_word' id='word_1_82' title='bbox 690 1301 788 1358; x_wconf 88' lang='lat' dir='ltr'><strong>omnia</strong></span> <span class='ocrx_word' id='word_1_83' title='bbox 811 1297 1024 1359; x_wconf 89' lang='lat' dir='ltr'><strong>dissoluantur.</strong></span> 
     </span>
     <span class='ocr_line' id='line_1_14' title="bbox 175 1385 855 1466; baseline 0.001 -19"><span class='ocrx_word' id='word_1_84' title='bbox 175 1386 301 1466; x_wconf 84' lang='lat' dir='ltr'><strong>inplexis</strong></span> <span class='ocrx_word' id='word_1_85' title='bbox 324 1388 365 1446; x_wconf 91' lang='lat' dir='ltr'><strong>ita</strong></span> <span class='ocrx_word' id='word_1_86' title='bbox 387 1388 542 1465; x_wconf 85' lang='lat' dir='ltr'><strong>principiis</strong></span> <span class='ocrx_word' id='word_1_87' title='bbox 565 1385 602 1446; x_wconf 89' lang='lat' dir='ltr'><strong>ab</strong></span> <span class='ocrx_word' id='word_1_88' title='bbox 625 1388 737 1464; x_wconf 82' lang='lat' dir='ltr'><strong>origine</strong></span> <span class='ocrx_word' id='word_1_89' title='bbox 759 1388 855 1465; x_wconf 90' lang='lat' dir='ltr'><strong>prima</strong></span> 
     </span>
     <span class='ocr_line' id='line_1_15' title="bbox 176 1474 809 1555; baseline 0 -20"><span class='ocrx_word' id='word_1_90' title='bbox 176 1477 254 1535; x_wconf 90' lang='lat' dir='ltr'><strong>inter</strong></span> <span class='ocrx_word' id='word_1_91' title='bbox 277 1492 309 1535; x_wconf 93' lang='lat' dir='ltr'><strong>se</strong></span> <span class='ocrx_word' id='word_1_92' title='bbox 333 1475 407 1534; x_wconf 83' lang='lat' dir='ltr'><strong>liunt</strong></span> <span class='ocrx_word' id='word_1_93' title='bbox 429 1477 560 1535; x_wconf 89' lang='lat' dir='ltr'><strong>consorti</strong></span> <span class='ocrx_word' id='word_1_94' title='bbox 582 1474 714 1554; x_wconf 91' lang='lat' dir='ltr'><strong>praedita</strong></span> <span class='ocrx_word' id='word_1_95' title='bbox 736 1477 809 1555; x_wconf 83' lang='lat' dir='ltr'><strong>vita,</strong></span> 
     </span>
     <span class='ocr_line' id='line_1_16' title="bbox 175 1561 999 1642; baseline 0.004 -20"><span class='ocrx_word' id='word_1_96' title='bbox 175 1581 231 1623; x_wconf 91' lang='lat' dir='ltr'><strong>nec</strong></span> <span class='ocrx_word' id='word_1_97' title='bbox 254 1561 311 1622; x_wconf 90' lang='lat' dir='ltr'><strong>sibi</strong></span> <span class='ocrx_word' id='word_1_98' title='bbox 334 1581 466 1641; x_wconf 93' lang='lat' dir='ltr'><strong>quaeque</strong></span> <span class='ocrx_word' id='word_1_99' title='bbox 490 1564 555 1623; x_wconf 91' lang='lat' dir='ltr'><strong>sine</strong></span> <span class='ocrx_word' id='word_1_100' title='bbox 578 1563 700 1624; x_wconf 90' lang='lat' dir='ltr'><strong>alterius</strong></span> <span class='ocrx_word' id='word_1_101' title='bbox 718 1565 747 1623; x_wconf 77' lang='lat' dir='ltr'><strong>ri</strong></span> <span class='ocrx_word' id='word_1_102' title='bbox 769 1581 857 1642; x_wconf 93' lang='lat' dir='ltr'><strong>posse</strong></span> <span class='ocrx_word' id='word_1_103' title='bbox 880 1563 999 1625; x_wconf 87' lang='lat' dir='ltr'><strong>videtur</strong></span> 
     </span>
     <span class='ocr_line' id='line_1_17' title="bbox 175 1652 993 1733; baseline 0.002 -22"><span class='ocrx_word' id='word_1_104' title='bbox 175 1652 308 1729; x_wconf 90' lang='lat' dir='ltr'><strong>corporis</strong></span> <span class='ocrx_word' id='word_1_105' title='bbox 332 1656 419 1729; x_wconf 89' lang='lat' dir='ltr'><strong>atque</strong></span> <span class='ocrx_word' id='word_1_106' title='bbox 443 1652 532 1710; x_wconf 92' lang='lat' dir='ltr'><strong>animi</strong></span> <span class='ocrx_word' id='word_1_107' title='bbox 556 1669 689 1711; x_wconf 91' lang='lat' dir='ltr'><strong>seorsum</strong></span> <span class='ocrx_word' id='word_1_108' title='bbox 714 1653 825 1712; x_wconf 89' lang='lat' dir='ltr'><strong>sentire</strong></span> <span class='ocrx_word' id='word_1_109' title='bbox 847 1659 993 1733; x_wconf 89' lang='lat' dir='ltr'><strong>potestas,</strong></span> 
     </span>
     <span class='ocr_line' id='line_1_18' title="bbox 105 1738 968 1818; baseline 0.001 -19"><span class='ocrx_word' id='word_1_110' title='bbox 105 1756 157 1806; x_wconf 79' lang='lat' dir='ltr'><strong>aec</strong></span> <span class='ocrx_word' id='word_1_111' title='bbox 175 1738 228 1799; x_wconf 91' lang='lat' dir='ltr'><strong>sed</strong></span> <span class='ocrx_word' id='word_1_112' title='bbox 251 1738 456 1799; x_wconf 86' lang='lat' dir='ltr'><strong>communibus</strong></span> <span class='ocrx_word' id='word_1_113' title='bbox 478 1740 557 1799; x_wconf 87' lang='lat' dir='ltr'><strong>inter</strong></span> <span class='ocrx_word' id='word_1_114' title='bbox 579 1758 629 1800; x_wconf 90' lang='lat' dir='ltr'><strong>eas</strong></span> <span class='ocrx_word' id='word_1_115' title='bbox 652 1739 796 1800; x_wconf 89' lang='lat' dir='ltr'><strong>conflatur</strong></span> <span class='ocrx_word' id='word_1_116' title='bbox 818 1741 968 1818; x_wconf 86' lang='lat' dir='ltr'><strong>utrimque</strong></span> 
     </span>
     <span class='ocr_line' id='line_1_19' title="bbox 175 1826 924 1907; baseline 0.003 -21"><span class='ocrx_word' id='word_1_117' title='bbox 175 1826 304 1887; x_wconf 91' lang='lat' dir='ltr'><strong>motibus</strong></span> <span class='ocrx_word' id='word_1_118' title='bbox 327 1844 468 1886; x_wconf 87' lang='lat' dir='ltr'><strong>accensus</strong></span> <span class='ocrx_word' id='word_1_119' title='bbox 491 1826 577 1887; x_wconf 91' lang='lat' dir='ltr'><strong>nobis</strong></span> <span class='ocrx_word' id='word_1_120' title='bbox 598 1830 789 1907; x_wconf 85' lang='lat' dir='ltr'><strong>perviscera</strong></span> <span class='ocrx_word' id='word_1_121' title='bbox 811 1845 924 1888; x_wconf 88' lang='lat' dir='ltr'><strong>sensus.</strong></span> 
     </span>
     <span class='ocr_line' id='line_1_20' title="bbox 218 1908 1053 1999; baseline 0.005 -25"><span class='ocrx_word' id='word_1_122' title='bbox 218 1908 229 1999; x_wconf 72' lang='lat' dir='ltr'>ss</span> <span class='ocrx_word' id='word_1_123' title='bbox 240 1914 396 1975; x_wconf 89' lang='lat' dir='ltr'><strong>Praeterea</strong></span> <span class='ocrx_word' id='word_1_124' title='bbox 418 1933 526 1994; x_wconf 91' lang='lat' dir='ltr'><strong>corpus</strong></span> <span class='ocrx_word' id='word_1_125' title='bbox 548 1934 602 1994; x_wconf 93' lang='lat' dir='ltr'><strong>per</strong></span> <span class='ocrx_word' id='word_1_126' title='bbox 625 1934 656 1976; x_wconf 91' lang='lat' dir='ltr'><strong>se</strong></span> <span class='ocrx_word' id='word_1_127' title='bbox 679 1934 735 1976; x_wconf 91' lang='lat' dir='ltr'><strong>nec</strong></span> <span class='ocrx_word' id='word_1_128' title='bbox 757 1917 887 1995; x_wconf 85' lang='lat' dir='ltr'><strong>gignitur</strong></span> <span class='ocrx_word' id='word_1_129' title='bbox 909 1935 1053 1997; x_wconf 88' lang='lat' dir='ltr'><strong>umquam</strong></span> 
     </span>
     <span class='ocr_line' id='line_1_21' title="bbox 176 2003 994 2082; baseline 0.004 -19"><span class='ocrx_word' id='word_1_130' title='bbox 176 2021 231 2063; x_wconf 89' lang='lat' dir='ltr'><strong>neo</strong></span> <span class='ocrx_word' id='word_1_131' title='bbox 254 2005 362 2064; x_wconf 88' lang='lat' dir='ltr'><strong>crescit</strong></span> <span class='ocrx_word' id='word_1_132' title='bbox 383 2020 479 2082; x_wconf 91' lang='lat' dir='ltr'><strong>neque</strong></span> <span class='ocrx_word' id='word_1_133' title='bbox 501 2009 570 2081; x_wconf 90' lang='lat' dir='ltr'><strong>post</strong></span> <span class='ocrx_word' id='word_1_134' title='bbox 591 2011 717 2064; x_wconf 90' lang='lat' dir='ltr'><strong>mortem</strong></span> <span class='ocrx_word' id='word_1_135' title='bbox 740 2004 846 2065; x_wconf 83' lang='lat' dir='ltr'><strong>druare</strong></span> <span class='ocrx_word' id='word_1_136' title='bbox 868 2003 994 2066; x_wconf 84' lang='lat' dir='ltr'><strong>videtur.</strong></span> 
     </span>
     <span class='ocr_line' id='line_1_22' title="bbox 175 2091 1057 2177; baseline 0.002 -24"><span class='ocrx_word' id='word_1_137' title='bbox 175 2093 346 2172; x_wconf 92' lang='lat' dir='ltr'><strong>nonenim,</strong></span> <span class='ocrx_word' id='word_1_138' title='bbox 369 2098 402 2152; x_wconf 93' lang='lat' dir='ltr'><strong>ut</strong></span> <span class='ocrx_word' id='word_1_139' title='bbox 424 2109 510 2152; x_wconf 91' lang='lat' dir='ltr'><strong>umor</strong></span> <span class='ocrx_word' id='word_1_140' title='bbox 533 2109 625 2170; x_wconf 89' lang='lat' dir='ltr'><strong>aquae</strong></span> <span class='ocrx_word' id='word_1_141' title='bbox 648 2091 769 2153; x_wconf 90' lang='lat' dir='ltr'><strong>dimittit</strong></span> <span class='ocrx_word' id='word_1_142' title='bbox 792 2110 878 2172; x_wconf 89' lang='lat' dir='ltr'><strong>saepe</strong></span> <span class='ocrx_word' id='word_1_143' title='bbox 901 2111 1057 2177; x_wconf 83' lang='lat' dir='ltr'><strong>vaporem,</strong></span> 
     </span>
     <span class='ocr_line' id='line_1_23' title="bbox 105 2180 1001 2264; baseline -0.002 -20"><span class='ocrx_word' id='word_1_144' title='bbox 105 2195 158 2247; x_wconf 83' lang='lat'><strong>340</strong></span> <span class='ocrx_word' id='word_1_145' title='bbox 177 2182 228 2259; x_wconf 91' lang='lat' dir='ltr'><strong>qui</strong></span> <span class='ocrx_word' id='word_1_146' title='bbox 250 2180 335 2240; x_wconf 91' lang='lat' dir='ltr'><strong>datus</strong></span> <span class='ocrx_word' id='word_1_147' title='bbox 359 2186 416 2260; x_wconf 91' lang='lat' dir='ltr'><strong>est,</strong></span> <span class='ocrx_word' id='word_1_148' title='bbox 439 2197 536 2258; x_wconf 89' lang='lat' dir='ltr'><strong>neque</strong></span> <span class='ocrx_word' id='word_1_149' title='bbox 560 2197 593 2240; x_wconf 91' lang='lat' dir='ltr'><strong>ea</strong></span> <span class='ocrx_word' id='word_1_150' title='bbox 617 2198 703 2241; x_wconf 91' lang='lat' dir='ltr'><strong>causa</strong></span> <span class='ocrx_word' id='word_1_151' title='bbox 727 2180 900 2242; x_wconf 85' lang='lat' dir='ltr'><strong>convellitur</strong></span> <span class='ocrx_word' id='word_1_152' title='bbox 923 2183 1001 2264; x_wconf 91' lang='lat' dir='ltr'><strong>ipse,</strong></span> 
     </span>
     <span class='ocr_line' id='line_1_24' title="bbox 177 2267 991 2350; baseline 0.001 -21"><span class='ocrx_word' id='word_1_153' title='bbox 177 2268 229 2329; x_wconf 91' lang='lat' dir='ltr'><strong>sed</strong></span> <span class='ocrx_word' id='word_1_154' title='bbox 251 2274 351 2328; x_wconf 89' lang='lat' dir='ltr'><strong>manet</strong></span> <span class='ocrx_word' id='word_1_155' title='bbox 373 2267 542 2349; x_wconf 88' lang='lat' dir='ltr'><strong>incolumis,</strong></span> <span class='ocrx_word' id='word_1_156' title='bbox 564 2286 636 2349; x_wconf 93' lang='lat' dir='ltr'><strong>non,</strong></span> <span class='ocrx_word' id='word_1_157' title='bbox 659 2270 791 2350; x_wconf 89' lang='lat' dir='ltr'><strong>inquam,</strong></span> <span class='ocrx_word' id='word_1_158' title='bbox 816 2271 859 2330; x_wconf 89' lang='lat' dir='ltr'><strong>sie</strong></span> <span class='ocrx_word' id='word_1_159' title='bbox 881 2271 991 2331; x_wconf 92' lang='lat' dir='ltr'><strong>animai</strong></span> 
     </span>
     <span class='ocr_line' id='line_1_25' title="bbox 176 2355 872 2438; baseline 0.001 -22"><span class='ocrx_word' id='word_1_160' title='bbox 176 2355 334 2417; x_wconf 89' lang='lat' dir='ltr'><strong>discidium</strong></span> <span class='ocrx_word' id='word_1_161' title='bbox 357 2364 482 2435; x_wconf 89' lang='lat' dir='ltr'><strong>possunt</strong></span> <span class='ocrx_word' id='word_1_162' title='bbox 504 2363 585 2417; x_wconf 88' lang='lat' dir='ltr'><strong>artus</strong></span> <span class='ocrx_word' id='word_1_163' title='bbox 607 2357 741 2435; x_wconf 84' lang='lat' dir='ltr'><strong>perferre</strong></span> <span class='ocrx_word' id='word_1_164' title='bbox 763 2357 872 2438; x_wconf 84' lang='lat' dir='ltr'><strong>relicti,</strong></span> 
     </span>
     <span class='ocr_line' id='line_1_26' title="bbox 176 2445 1016 2524; baseline 0.002 -20"><span class='ocrx_word' id='word_1_165' title='bbox 176 2445 229 2505; x_wconf 92' lang='lat' dir='ltr'><strong>sed</strong></span> <span class='ocrx_word' id='word_1_166' title='bbox 251 2447 370 2522; x_wconf 89' lang='lat' dir='ltr'><strong>penitus</strong></span> <span class='ocrx_word' id='word_1_167' title='bbox 392 2451 519 2523; x_wconf 87' lang='lat' dir='ltr'><strong>pereunt</strong></span> <span class='ocrx_word' id='word_1_168' title='bbox 541 2445 673 2504; x_wconf 87' lang='lat' dir='ltr'><strong>convulsi</strong></span> <span class='ocrx_word' id='word_1_169' title='bbox 696 2463 810 2524; x_wconf 91' lang='lat' dir='ltr'><strong>conque</strong></span> <span class='ocrx_word' id='word_1_170' title='bbox 832 2451 1016 2524; x_wconf 89' lang='lat' dir='ltr'><strong>putrescunt</strong></span> 
     </span>
     <span class='ocr_line' id='line_1_27' title="bbox 177 2534 915 2612; baseline 0 -19"><span class='ocrx_word' id='word_1_171' title='bbox 177 2550 214 2593; x_wconf 85' lang='lat' dir='ltr'><strong>ex</strong></span> <span class='ocrx_word' id='word_1_172' title='bbox 236 2534 357 2592; x_wconf 91' lang='lat' dir='ltr'><strong>ineunte</strong></span> <span class='ocrx_word' id='word_1_173' title='bbox 380 2549 450 2591; x_wconf 88' lang='lat' dir='ltr'><strong>aevo</strong></span> <span class='ocrx_word' id='word_1_174' title='bbox 474 2535 517 2593; x_wconf 88' lang='lat' dir='ltr'><strong>sio</strong></span> <span class='ocrx_word' id='word_1_175' title='bbox 540 2534 673 2611; x_wconf 91' lang='lat' dir='ltr'><strong>corporis</strong></span> <span class='ocrx_word' id='word_1_176' title='bbox 697 2540 784 2612; x_wconf 90' lang='lat' dir='ltr'><strong>atque</strong></span> <span class='ocrx_word' id='word_1_177' title='bbox 807 2535 915 2594; x_wconf 91' lang='lat' dir='ltr'><strong>animai</strong></span> 
     </span>
     <span class='ocr_line' id='line_1_28' title="bbox 106 2618 824 2702; baseline -0.007 -16"><span class='ocrx_word' id='word_1_178' title='bbox 106 2637 158 2688; x_wconf 81' lang='lat'><strong>345</strong></span> <span class='ocrx_word' id='word_1_179' title='bbox 177 2625 278 2680; x_wconf 92' lang='lat' dir='ltr'><strong>mutua</strong></span> <span class='ocrx_word' id='word_1_180' title='bbox 300 2618 396 2679; x_wconf 86' lang='lat' dir='ltr'><strong>vitalis</strong></span> <span class='ocrx_word' id='word_1_181' title='bbox 420 2620 538 2680; x_wconf 88' lang='lat' dir='ltr'><strong>diseunt</strong></span> <span class='ocrx_word' id='word_1_182' title='bbox 559 2622 692 2698; x_wconf 90' lang='lat' dir='ltr'><strong>contagia</strong></span> <span class='ocrx_word' id='word_1_183' title='bbox 713 2629 824 2702; x_wconf 88' lang='lat' dir='ltr'><strong>motus,</strong></span> 
     </span>
     <span class='ocr_line' id='line_1_29' title="bbox 177 2708 893 2790; baseline 0.004 -23"><span class='ocrx_word' id='word_1_184' title='bbox 177 2709 319 2767; x_wconf 91' lang='lat' dir='ltr'><strong>maternis</strong></span> <span class='ocrx_word' id='word_1_185' title='bbox 342 2709 430 2767; x_wconf 90' lang='lat' dir='ltr'><strong>etiam</strong></span> <span class='ocrx_word' id='word_1_186' title='bbox 452 2708 593 2769; x_wconf 91' lang='lat' dir='ltr'><strong>membris</strong></span> <span class='ocrx_word' id='word_1_187' title='bbox 617 2709 738 2787; x_wconf 89' lang='lat' dir='ltr'><strong>alvoque</strong></span> <span class='ocrx_word' id='word_1_188' title='bbox 761 2716 893 2790; x_wconf 90' lang='lat' dir='ltr'><strong>reposta,</strong></span> 
     </span>
     <span class='ocr_line' id='line_1_30' title="bbox 177 2795 993 2881; baseline 0.005 -25"><span class='ocrx_word' id='word_1_189' title='bbox 177 2795 333 2858; x_wconf 89' lang='lat' dir='ltr'><strong>discidium</strong></span> <span class='ocrx_word' id='word_1_190' title='bbox 355 2796 392 2856; x_wconf 82' lang='lat' dir='ltr'><strong>ut</strong></span> <span class='ocrx_word' id='word_1_191' title='bbox 411 2803 539 2874; x_wconf 87' lang='lat' dir='ltr'><strong>nequeat</strong></span> <span class='ocrx_word' id='word_1_192' title='bbox 561 2798 626 2857; x_wconf 88' lang='lat' dir='ltr'><strong>lieri</strong></span> <span class='ocrx_word' id='word_1_193' title='bbox 650 2799 713 2857; x_wconf 92' lang='lat' dir='ltr'><strong>sine</strong></span> <span class='ocrx_word' id='word_1_194' title='bbox 736 2805 820 2876; x_wconf 92' lang='lat' dir='ltr'><strong>peste</strong></span> <span class='ocrx_word' id='word_1_195' title='bbox 843 2797 993 2881; x_wconf 81' lang='lat' dir='ltr'><strong>maloque3</strong></span> 
     </span>
     <span class='ocr_line' id='line_1_31' title="bbox 176 2885 962 2968; baseline 0.001 -23"><span class='ocrx_word' id='word_1_196' title='bbox 176 2891 211 2945; x_wconf 86' lang='lat' dir='ltr'><strong>ut</strong></span> <span class='ocrx_word' id='word_1_197' title='bbox 231 2885 344 2965; x_wconf 89' lang='lat' dir='ltr'><strong>videas,</strong></span> <span class='ocrx_word' id='word_1_198' title='bbox 368 2887 506 2963; x_wconf 90' lang='lat' dir='ltr'><strong>quoniam</strong></span> <span class='ocrx_word' id='word_1_199' title='bbox 529 2888 713 2945; x_wconf 89' lang='lat' dir='ltr'><strong>coniunctast</strong></span> <span class='ocrx_word' id='word_1_200' title='bbox 735 2904 822 2946; x_wconf 91' lang='lat' dir='ltr'><strong>causa</strong></span> <span class='ocrx_word' id='word_1_201' title='bbox 846 2886 962 2968; x_wconf 90' lang='lat' dir='ltr'><strong>salutis,</strong></span> 
     </span>
     <span class='ocr_line' id='line_1_32' title="bbox 177 2973 1009 3055; baseline 0.001 -22"><span class='ocrx_word' id='word_1_202' title='bbox 177 2975 363 3033; x_wconf 88' lang='lat' dir='ltr'><strong>coniunctam</strong></span> <span class='ocrx_word' id='word_1_203' title='bbox 386 2990 501 3052; x_wconf 91' lang='lat' dir='ltr'><strong>quoque</strong></span> <span class='ocrx_word' id='word_1_204' title='bbox 525 2980 659 3034; x_wconf 90' lang='lat' dir='ltr'><strong>naturam</strong></span> <span class='ocrx_word' id='word_1_205' title='bbox 682 2976 844 3035; x_wconf 91' lang='lat' dir='ltr'><strong>consistere</strong></span> <span class='ocrx_word' id='word_1_206' title='bbox 868 2973 1009 3055; x_wconf 75' lang='lat' dir='ltr'><strong>eorumll</strong></span> 
     </span>
     <span class='ocr_line' id='line_1_33' title="bbox 106 3060 1015 3141; baseline -0.002 -15"><span class='ocrx_word' id='word_1_207' title='bbox 106 3076 158 3128; x_wconf 78' lang='lat' dir='ltr'><strong>ooo</strong></span> <span class='ocrx_word' id='word_1_208' title='bbox 221 3060 305 3132; x_wconf 87' lang='lat' dir='ltr'><strong>Quod</strong></span> <span class='ocrx_word' id='word_1_209' title='bbox 329 3068 499 3141; x_wconf 89' lang='lat' dir='ltr'><strong>superest,</strong></span> <span class='ocrx_word' id='word_1_210' title='bbox 523 3064 616 3140; x_wconf 92' lang='lat' dir='ltr'><strong>siquis</strong></span> <span class='ocrx_word' id='word_1_211' title='bbox 640 3079 747 3141; x_wconf 85' lang='lat' dir='ltr'><strong>corpus</strong></span> <span class='ocrx_word' id='word_1_212' title='bbox 771 3065 881 3123; x_wconf 89' lang='lat' dir='ltr'><strong>sentire</strong></span> <span class='ocrx_word' id='word_1_213' title='bbox 905 3065 1015 3124; x_wconf 83' lang='lat' dir='ltr'><strong>refutat</strong></span> 
     </span>
     <span class='ocr_line' id='line_1_34' title="bbox 177 3149 961 3230; baseline 0.004 -21"><span class='ocrx_word' id='word_1_214' title='bbox 177 3155 264 3227; x_wconf 87' lang='lat' dir='ltr'><strong>atque</strong></span> <span class='ocrx_word' id='word_1_215' title='bbox 287 3151 414 3209; x_wconf 88' lang='lat' dir='ltr'><strong>animam</strong></span> <span class='ocrx_word' id='word_1_216' title='bbox 436 3149 531 3210; x_wconf 90' lang='lat' dir='ltr'><strong>credit</strong></span> <span class='ocrx_word' id='word_1_217' title='bbox 553 3151 728 3228; x_wconf 85' lang='lat' dir='ltr'><strong>permixtam</strong></span> <span class='ocrx_word' id='word_1_218' title='bbox 752 3168 876 3230; x_wconf 86' lang='lat' dir='ltr'><strong>corpore</strong></span> <span class='ocrx_word' id='word_1_219' title='bbox 899 3157 961 3212; x_wconf 95' lang='lat' dir='ltr'><strong>toto</strong></span> 
     </span>
     <span class='ocr_line' id='line_1_35' title="bbox 176 3237 1067 3324; baseline 0.006 -28"><span class='ocrx_word' id='word_1_220' title='bbox 176 3239 327 3314; x_wconf 91' lang='lat' dir='ltr'><strong>suscipere</strong></span> <span class='ocrx_word' id='word_1_221' title='bbox 350 3237 429 3298; x_wconf 92' lang='lat' dir='ltr'><strong>hunc</strong></span> <span class='ocrx_word' id='word_1_222' title='bbox 452 3244 564 3297; x_wconf 93' lang='lat' dir='ltr'><strong>motum</strong></span> <span class='ocrx_word' id='word_1_223' title='bbox 588 3256 675 3316; x_wconf 87' lang='lat' dir='ltr'><strong>quem</strong></span> <span class='ocrx_word' id='word_1_224' title='bbox 699 3257 819 3300; x_wconf 92' lang='lat' dir='ltr'><strong>sensum</strong></span> <span class='ocrx_word' id='word_1_225' title='bbox 841 3242 1067 3324; x_wconf 81' lang='lat' dir='ltr'><strong>nominitamus,</strong></span> 
     </span>
     <span class='ocr_line' id='line_1_36' title="bbox 176 3323 953 3406; baseline 0.006 -23"><span class='ocrx_word' id='word_1_226' title='bbox 176 3323 223 3384; x_wconf 85' lang='lat' dir='ltr'><strong>vel</strong></span> <span class='ocrx_word' id='word_1_227' title='bbox 244 3325 414 3385; x_wconf 80' lang='lat' dir='ltr'><strong>manifestas</strong></span> <span class='ocrx_word' id='word_1_228' title='bbox 437 3343 486 3385; x_wconf 90' lang='lat' dir='ltr'><strong>res</strong></span> <span class='ocrx_word' id='word_1_229' title='bbox 510 3332 612 3386; x_wconf 90' lang='lat' dir='ltr'><strong>contra</strong></span> <span class='ocrx_word' id='word_1_230' title='bbox 634 3345 776 3405; x_wconf 86' lang='lat' dir='ltr'><strong>verasque</strong></span> <span class='ocrx_word' id='word_1_231' title='bbox 799 3335 953 3406; x_wconf 86' lang='lat' dir='ltr'><strong>repugnat.</strong></span> 
     </span>
     <span class='ocr_line' id='line_1_37' title="bbox 177 3411 1089 3498; baseline 0.005 -26"><span class='ocrx_word' id='word_1_232' title='bbox 177 3411 249 3490; x_wconf 92' lang='lat' dir='ltr'><strong>quid</strong></span> <span class='ocrx_word' id='word_1_233' title='bbox 272 3415 311 3472; x_wconf 89' lang='lat' dir='ltr'><strong>sit</strong></span> <span class='ocrx_word' id='word_1_234' title='bbox 334 3415 413 3473; x_wconf 91' lang='lat' dir='ltr'><strong>enim</strong></span> <span class='ocrx_word' id='word_1_235' title='bbox 437 3431 544 3492; x_wconf 87' lang='lat' dir='ltr'><strong>eorpus</strong></span> <span class='ocrx_word' id='word_1_236' title='bbox 567 3416 678 3474; x_wconf 91' lang='lat' dir='ltr'><strong>sentire</strong></span> <span class='ocrx_word' id='word_1_237' title='bbox 702 3415 773 3493; x_wconf 92' lang='lat' dir='ltr'><strong>quid</strong></span> <span class='ocrx_word' id='word_1_238' title='bbox 797 3415 911 3476; x_wconf 82' lang='lat' dir='ltr'><strong>adferet</strong></span> <span class='ocrx_word' id='word_1_239' title='bbox 932 3435 1089 3498; x_wconf 92' lang='lat' dir='ltr'><strong>umquam,</strong></span> 
     </span>
     <span class='ocr_line' id='line_1_38' title="bbox 94 3499 1047 3583; baseline 0.002 -19"><span class='ocrx_word' id='word_1_240' title='bbox 94 3503 282 3565; x_wconf 72' lang='lat' dir='ltr'><strong>acesinen</strong></span> <span class='ocrx_word' id='word_1_241' title='bbox 304 3502 371 3581; x_wconf 90' lang='lat' dir='ltr'><strong>ipsa</strong></span> <span class='ocrx_word' id='word_1_242' title='bbox 392 3499 492 3582; x_wconf 92' lang='lat' dir='ltr'><strong>palam</strong></span> <span class='ocrx_word' id='word_1_243' title='bbox 516 3502 596 3583; x_wconf 94' lang='lat' dir='ltr'><strong>quod</strong></span> <span class='ocrx_word' id='word_1_244' title='bbox 616 3520 667 3563; x_wconf 90' lang='lat' dir='ltr'><strong>res</strong></span> <span class='ocrx_word' id='word_1_245' title='bbox 689 3503 772 3563; x_wconf 88' lang='lat' dir='ltr'><strong>dedit</strong></span> <span class='ocrx_word' id='word_1_246' title='bbox 792 3521 827 3563; x_wconf 86' lang='lat' dir='ltr'><strong>ac</strong></span> <span class='ocrx_word' id='word_1_247' title='bbox 848 3504 949 3564; x_wconf 89' lang='lat' dir='ltr'><strong>docuit</strong></span> <span class='ocrx_word' id='word_1_248' title='bbox 971 3501 1047 3566; x_wconf 82' lang='lat' dir='ltr'><strong>nos?</strong></span> 
     </span>
    </p>
   </div>
   <div class='ocr_carea' id='block_1_3' title="bbox 0 0 1224 3878">
    <p class='ocr_par' dir='ltr' id='par_1_3' title="bbox 0 0 1224 3878">
     <span class='ocr_line' id='line_1_39' title="bbox 0 0 1224 3878; baseline 0 0"><span class='ocrx_word' id='word_1_249' title='bbox 0 0 1224 3878; x_wconf 95' lang='lat' dir='ltr'><strong> </strong></span> 
     </span>
    </p>
   </div>
  </div>
 </body>
</html>
