2430 3878
578 203 619 258 IV

99 362 157 414 910
171 365 210 408 ne
233 347 300 408 lieri
320 350 435 426 negites
457 367 533 428 quae
556 349 652 411 dicam
674 368 776 430 posse,
799 357 938 431 retroque

100 448 153 501 895
171 453 241 496 vera
261 434 425 515 repulsanti
441 437 581 519 >discedas
603 445 723 517 pectore
746 439 838 519 diota,

171 529 296 584 tutemet
318 526 350 584 in
372 524 457 603 culpa
480 543 547 585 cum
569 528 613 586 sis
634 544 731 605 neque
754 544 877 587 cernere
900 529 1006 606 possis
1067 548 1106 590 cro

172 613 320 691 principio
344 631 465 674 somnus
486 613 521 674 ct
542 612 623 674 ubist
645 614 785 676 dismanta
807 633 861 693 por
883 623 964 676 artus
1079 650 1081 652 v

172 702 218 763 vis
240 702 355 761 animae
377 703 543 780 partimque
566 702 643 762 loros
666 704 762 763 eiecta
783 705 908 763 recessit

100 803 158 856 915
173 796 203 849 et
224 790 332 868 partim
355 795 493 850 contrusa
515 792 608 868 magis
631 793 778 851 concessit
798 792 830 850 in
854 791 956 852 altum:

102 892 156 943 000
175 876 377 938 dissoluuntur
400 879 479 937 enim
501 883 565 937 tum
587 877 706 938 demum
727 878 860 939 membre
881 879 1045 958 fluuntque.

155 982 243 1026 ,nant
264 964 387 1025 dubium
409 983 469 1025 non
491 972 549 1047 est,
572 968 681 1026 animai
702 968 775 1045 quin
797 985 887 1045 opera
908 969 949 1028 sit
1068 989 1107 1030 ooo

175 1070 280 1114 sensus
302 1052 352 1114 hic
373 1055 405 1113 in
427 1052 527 1133 nobis,
549 1071 638 1131 quem
661 1073 729 1114 cum
752 1073 841 1132 sopor
863 1055 977 1134 inpedit
999 1073 1079 1136 esse,

172 1149 236 1202 turn
258 1141 344 1202 nobis
366 1143 494 1202 animam
515 1141 716 1220 perturbatam
738 1161 804 1202 esse
826 1143 1018 1222 putandumst

103 1244 162 1298 000
173 1232 354 1307 eiectamque
377 1230 468 1310 foras3
491 1247 551 1288 non
575 1247 704 1290 omnem:
727 1248 852 1309 namque
875 1233 985 1292 iaceret

103 1324 295 1384 9000010000
318 1335 425 1396 corpus
447 1317 601 1395 perfusum
622 1318 732 1396 frigore
754 1318 815 1379 leti.

175 1408 296 1485 quippo,
318 1404 370 1466 ubi
383 1404 471 1465 'nulla
493 1403 588 1465 latens
610 1407 718 1466 animai
739 1424 808 1485 pars
830 1413 997 1467 remaneret
1068 1427 1108 1469 ors

174 1495 206 1554 in
227 1492 382 1574 membris,
404 1495 504 1553 cinere
527 1500 561 1553 ut
581 1493 674 1554 multa
695 1493 766 1555 latet
788 1494 910 1555 obrutus
932 1496 1023 1576 ignis,

173 1581 252 1642 unde
275 1581 432 1642 reconflari
454 1599 559 1641 sensus
581 1600 636 1660 per
657 1582 789 1643 membra
811 1590 933 1662 repente

103 1685 161 1736 925
174 1675 288 1750 posset,
310 1675 344 1730 ut
365 1687 402 1730 ex
424 1670 487 1747 igni
509 1687 596 1730 caeco
620 1688 798 1749 consurgere
821 1667 958 1733 flamma?

103 1773 157 1824 910
219 1757 276 1817 Sed
300 1755 407 1835 quibus
428 1757 501 1818 haec
522 1757 614 1818 rebus
635 1761 750 1819 novitas
772 1760 892 1840 contiat,
915 1766 946 1820 et
966 1758 1044 1820 unde

174 1844 343 1925 perturbari
365 1847 461 1905 anima
483 1852 513 1906 et
535 1864 643 1925 eorpus
665 1845 855 1925 languescere
877 1849 984 1928 possit,
1068 1869 1107 1910 coo

175 1932 341 2012 expediam:
363 1939 397 1994 tu
419 1933 464 1994 sac
487 1951 525 1994 ne
547 1937 642 1994 ventis
664 1935 754 1996 rerba
775 1935 958 2013 profundam.

174 2023 320 2100 principio
344 2029 465 2081 externa
488 2039 595 2100 corpus
618 2022 655 2082 de
677 2029 759 2100 parte
781 2030 980 2104 necessumst,

103 2125 161 2177 930
174 2111 262 2171 aeriis
286 2111 424 2188 quoniam
446 2111 577 2170 vicinum
598 2113 728 2188 tangitur
751 2112 844 2191 auris,

104 2212 158 2264 010
175 2198 296 2258 tundier
317 2203 404 2276 atque
428 2200 493 2258 eius
516 2197 620 2258 crebro
643 2197 789 2276 pulsarier
810 2199 886 2278 ictu,

175 2292 390 2365 proptereaque
412 2285 475 2347 fere
497 2302 546 2345 res
569 2303 672 2346 omnes
695 2292 745 2346 aut
767 2287 848 2345 corio
871 2291 940 2345 sunt
1069 2307 1107 2348 eos

177 2375 337 2434 autetiam
359 2374 478 2434 conchis
502 2379 552 2434 aut
574 2373 647 2434 callo
670 2379 720 2434 aut
742 2375 852 2434 cortice
874 2380 977 2435 tectae.

177 2464 350 2523 interiorem
372 2464 460 2522 ctiam
482 2467 600 2540 partem·
620 2460 800 2540 spirantibus
822 2466 874 2522 air

104 2564 161 2617 935
176 2549 312 2611 verberat
333 2549 382 2610 hic
404 2550 496 2629 idem,
519 2568 587 2610 cum
609 2549 727 2611 ducitur
749 2556 837 2629 atque
859 2549 989 2610 rellatum

105 2653 159 2703 000
176 2656 267 2717 quare
289 2639 438 2717 utrimque
461 2655 547 2698 secus
570 2656 637 2699 cum
660 2656 768 2716 corpus
789 2637 920 2718 vapulet,
942 2645 972 2698 et
994 2655 1061 2698 cum

176 2728 349 2806 perveniant
370 2725 471 2804 plagae
493 2744 658 2805 perparva
679 2726 823 2786 foramina
845 2725 930 2786 nobis
1070 2748 1109 2788 oco

177 2816 310 2893 corporis
333 2814 369 2875 ad
392 2816 502 2892 primas
524 2816 617 2892 partis
640 2812 843 2892 elementaque
866 2816 974 2895 prima,

176 2904 209 2963 lit
232 2904 317 2982 quasi
338 2901 478 2980 paulatim
500 2901 586 2963 nohis
608 2920 663 2981 per
684 2900 817 2962 membra
838 2903 932 2962 ruina.

104 3006 160 3058 940
176 2989 389 3051 conturbantur
411 2992 491 3050 enim
513 2993 663 3068 positurae
685 2992 899 3068 principiorum

104 3094 157 3146 000
176 3080 310 3158 corporis
333 3086 419 3156 atque
444 3079 542 3138 animi
579 3079 612 3138 lit
634 3079 679 3138 uti
701 3095 769 3156 pars
792 3078 860 3137 inde
884 3079 993 3138 animai

175 3170 312 3246 eiciatur,
336 3173 365 3226 et
386 3168 549 3226 introrsum
571 3184 640 3244 pars
663 3164 760 3226 abdita
782 3165 880 3245 cedat,
1071 3187 1108 3228 ors

175 3274 243 3334 pars
266 3257 355 3316 etiam
378 3253 518 3315 distracta
538 3271 593 3332 per
615 3259 697 3314 artus
720 3271 779 3312 non
803 3260 891 3332 queat
912 3271 977 3312 esse

175 3347 331 3405 coniuncta
352 3345 431 3404 inter
454 3360 486 3402 se
510 3359 606 3420 neque
628 3348 711 3401 motu
732 3348 834 3401 mutua
854 3341 951 3419 fungi:

102 3448 159 3499 945
174 3434 252 3495 inter
274 3433 354 3494 enim
377 3432 472 3509 saepit
494 3436 596 3490 coetus
615 3437 719 3490 natura
741 3431 875 3508 viasque:

104 3536 156 3587 000
174 3539 245 3599 ergo
268 3537 374 3580 sensus
396 3519 458 3580 abit
479 3520 602 3580 mutatis
623 3517 756 3580 metilius
777 3516 855 3599 alte,
