2430 3878
533 209 573 264 IV

57 374 107 425 6τὸ
125 357 267 438 paulatim
289 354 383 416 facilis
406 356 564 416 distraetus
587 357 618 415 in
641 357 718 416 aeris
742 374 840 436 auras,

126 465 164 507 ex
187 445 244 506 alto
267 447 395 524 primum
419 446 486 522 quia
508 446 557 503 vix
580 446 725 504 emittitur
747 462 782 503 ex
803 461 849 503 re:

126 551 195 594 nam
217 535 336 612 penitus
358 532 451 592 fluere
474 540 561 611 atque
584 531 723 593 recedere
746 530 835 592 rebus
859 530 966 590 odores
1019 549 1059 592 oea

127 623 273 700 significat
295 620 373 699 quod
396 620 488 681 fracta
511 621 604 698 magis
627 620 760 680 redolere
783 619 921 679 videntur

55 725 112 778 695
130 712 240 790 omnia,
264 708 342 788 quod
366 711 503 788 contrita,
527 708 605 787 quod
628 710 691 786 igni
712 706 923 768 conlabefacta:

56 816 109 866 aso
129 797 234 859 deinde
255 797 355 857 videre
378 795 449 856 lioet
470 797 631 857 maioribus
655 815 720 857 esse
744 802 874 857 creatum

127 887 281 966 principiis
305 902 392 964 qnam
415 902 484 966 vox,
506 887 644 963 quoniam
666 903 721 964 per
742 903 829 945 saxea
851 888 951 962 saepta

128 992 188 1035 nou
210 979 357 1053 penetrat,
381 991 437 1051 qua
460 991 514 1032 vox
537 972 620 1051 volgo
644 975 816 1052 sonitusque
839 972 983 1032 feruntur.
1022 990 1061 1031 roo

129 1080 220 1142 quare
243 1064 330 1122 etiam
354 1061 432 1139 quod
455 1059 515 1120 oret
536 1079 596 1120 non
618 1067 678 1120 tam
700 1060 784 1120 facile
808 1078 873 1120 esse
896 1057 1010 1119 videbis

57 1169 114 1218 700
128 1152 305 1228 investigare
328 1152 360 1208 in
383 1167 440 1228 qua
463 1151 502 1209 sit
524 1151 644 1227 regione
667 1147 806 1209 locatum:

57 1255 110 1305 686
128 1239 296 1316 refrigeseit
318 1239 398 1297 enim
421 1237 585 1297 cunctando
608 1235 693 1316 plaga
714 1255 769 1315 per
791 1255 890 1318 aurae,

129 1345 185 1388 neo
208 1325 302 1386 calida
324 1326 359 1386 ad
382 1343 503 1385 sensum
525 1325 687 1385 decurrunt
708 1326 811 1385 nuntia
833 1342 941 1385 rerum.

129 1421 231 1476 errant
253 1431 340 1492 saepe
363 1431 450 1474 canes
474 1415 574 1491 itaque
597 1419 627 1472 et
649 1415 770 1491 vestigia
793 1418 947 1492 quaerunt.
1022 1431 1061 1472 ros

173 1496 257 1586 ΗΝθο
278 1508 377 1561 tamen
398 1502 455 1562 boe
478 1500 548 1561 solis
571 1503 603 1560 in
625 1500 764 1561 odoribus
788 1508 876 1579 atque
899 1517 1037 1578 saporum

58 1607 113 1660 705
128 1593 161 1650 in
183 1596 333 1669 generest,
356 1589 408 1649 sed
431 1592 501 1649 item
525 1591 639 1668 species
661 1606 762 1649 rerum
785 1595 871 1667 atque
895 1588 1008 1648 colores

58 1697 111 1746 690
129 1696 189 1739 non
211 1680 253 1738 ita
275 1679 452 1738 conveniunt
474 1677 509 1737 ad
533 1694 638 1737 sensus
661 1676 798 1738 omnibus
822 1695 937 1758 omnes,

129 1773 164 1829 ut
185 1784 245 1826 non
260 1767 329 1826 sint
351 1765 416 1826 aliis
440 1765 582 1844 quaedam
605 1768 698 1844 magis
721 1767 800 1826 aeria
821 1767 895 1825 visu.

131 1857 203 1934 quin
226 1855 314 1914 etiam
337 1853 457 1934 gallum,
479 1860 596 1913 noctem
619 1853 862 1932 explaudentibus
885 1852 939 1913 abs
1024 1872 1064 1913 uo

130 1959 266 2004 auroram
290 1940 367 2002 clara
390 1948 563 2002 consuetum
584 1959 655 2001 voce
678 1959 795 2021 vocare,

58 2049 114 2100 710
130 2049 228 2092 noenu
251 2035 363 2108 queunt
384 2028 482 2089 rabidi
504 2036 606 2090 eontra
628 2037 763 2090 constare
786 2028 886 2089 leones

59 2135 112 2186 695
130 2122 220 2198 inque
242 2120 333 2178 tueri:
355 2119 397 2176 ita
420 2119 558 2177 continuo
581 2119 742 2178 meminere
765 2117 859 2198 fugai,

130 2209 283 2286 nimirum,
306 2207 375 2284 quia
398 2212 467 2265 sunt
488 2203 630 2283 gallorum
652 2207 830 2283 incorpore
854 2203 997 2281 quaedam

132 2296 257 2374 semina,
279 2312 354 2373 quae
377 2311 445 2354 oum
468 2300 537 2353 sunt
559 2291 651 2352 oculis
674 2294 796 2352 inmissa
818 2291 950 2372 leonum,
1024 2313 1062 2354 ua

131 2381 257 2462 pupillas
279 2381 474 2442 interfodiunt
495 2398 651 2458 aeremque
675 2380 806 2440 dolorem

59 2487 116 2539 715
131 2469 285 2550 praebent,
308 2476 342 2531 ut
363 2476 513 2548 nequeant
533 2476 634 2529 eontra
656 2469 762 2529 durare
785 2468 912 2549 feroces3

60 2576 114 2627 τοο
132 2578 200 2631 eum
221 2565 320 2618 tamen
342 2557 414 2619 baec
436 2563 552 2618 nostras
575 2559 653 2618 aeies
676 2556 718 2618 nil
740 2556 856 2618 laedere
879 2558 1006 2636 possint,

131 2653 182 2708 aut
203 2648 271 2725 quia
293 2664 351 2706 non
375 2654 542 2725 penetrant,
565 2652 615 2706 aut
637 2646 715 2725 quod
737 2645 959 2724 penetrantibus
982 2644 1041 2705 illis

132 2736 229 2795 exitus
252 2752 287 2794 ex
310 2733 403 2794 oeulis
425 2734 502 2795 liber
524 2734 621 2814 datur,
644 2736 675 2795 in
697 2734 872 2794 remorando
1024 2754 1064 2795 no

131 2822 249 2883 laedere
271 2839 309 2882 ne
330 2825 446 2901 possint
468 2840 504 2882 ex
526 2822 585 2882 ulla
607 2821 718 2882 lumina
740 2828 831 2900 parte.
849 2817 860 2901 ΙΙ

61 2928 121 2980 720
174 2909 260 2971 Nune
278 2928 339 2990 age,
358 2928 432 2988 quae
450 2917 585 2971 moveant
602 2913 732 2971 animum
750 2927 799 2970 res
814 2910 923 2988 aeoipe,
941 2914 971 2968 et
984 2908 1062 2968 unde

62 3013 114 3066 705
132 3017 208 3077 quae
230 3000 352 3058 veniunt
373 3001 491 3058 veniant
512 3001 543 3059 in
565 3004 694 3059 mentem
716 2999 836 3077 percipe
859 2997 971 3075 paucis.

132 3089 280 3166 principio
301 3086 358 3146 boo
380 3086 459 3166 dico,
481 3105 582 3147 rerum
606 3085 762 3147 simulacra
783 3086 883 3164 vagari

132 3174 224 3236 multa
246 3175 341 3235 modis
364 3173 464 3235 multis
487 3177 519 3235 in
542 3182 662 3236 cunctas
684 3174 814 3252 undique
836 3174 929 3253 partis
1026 3194 1064 3235 ua

132 3266 243 3344 tenvia,
266 3281 341 3342 quae
364 3262 448 3323 iaeile
471 3265 549 3323 inter
573 3281 604 3323 se
628 3265 791 3341 iunguntur
812 3263 844 3320 in
867 3261 959 3341 auris,

63 3367 120 3419 725
134 3351 218 3412 obvia
240 3369 308 3412 erim
331 3353 465 3430 veniunt,
487 3359 520 3411 ut
543 3369 649 3413 aranea
671 3350 842 3429 bratteaque
865 3351 936 3410 auri.

63 3457 115 3505 '110
134 3442 242 3519 quippe
266 3441 375 3500 etenim
398 3438 490 3500 multo
513 3442 605 3518 magis
628 3439 700 3500 baec
723 3445 793 3499 sunt
814 3440 912 3498 tenvia
933 3444 1016 3497 textu

134 3546 221 3606 quam
244 3546 319 3606 quae
340 3530 512 3609 percipiunt
534 3527 636 3590 oeulos
657 3529 815 3609 usumope
833 3525 1006 3600 iaoessum,

839 3626 879 3682 Q*
