2430 3878
163 183 226 250 150
647 179 674 236 V

232 331 329 390 omnia
351 328 504 408 dispositis
527 328 620 406 signis
643 333 746 388 ornata
768 333 915 388 notarunt.
1120 347 1153 390 os

231 425 282 479 aut
305 419 374 496 quia
395 418 525 479 crassior
547 423 593 477 est
615 417 704 476 certis
727 418 759 476 in
780 414 915 495 partibus
938 416 1009 476 anni

652 522 671 562 s

163 611 213 661 ese
233 594 287 654 sub
310 595 399 654 terris
421 593 489 654 ideo
511 590 671 654 tremulum
694 590 779 652 iubar
800 590 926 652 haesitat
948 593 1026 670 ignis

163 691 218 742 696
234 701 289 743 nec
314 689 472 761 penetrare
494 687 592 760 potest
614 678 698 740 facile
720 687 808 758 atquc
831 697 984 758 emergere
1007 679 1044 740 ad
1067 689 1157 742 ortus:

233 777 390 850 propterea
412 775 515 830 noctes
536 768 661 830 hiberno
683 774 816 848 tempore
838 767 942 847 longae

233 865 362 939 cessant,
386 857 456 918 dum
479 858 577 918 veniat
598 856 743 917 radiatum
764 857 881 934 insigne
903 856 972 918 diet
1125 880 1160 919 roo

233 948 407 1027 autetiam,
430 948 501 1025 qnia
522 947 568 1006 sic
590 944 711 1005 alternis
733 943 867 1023 partibus
891 947 961 1005 euni

164 1053 214 1102 eso
232 1035 346 1096 tardius
369 1041 400 1095 ct
423 1037 511 1095 citius
532 1039 714 1095 consuerunt
734 1032 885 1094 couiluere
907 1035 1006 1115 ignes,

163 1126 283 1203 701qui
304 1124 416 1184 iaciunt
437 1122 532 1184 selem
554 1129 634 1182 certa
655 1120 693 1182 de
721 1140 844 1200 surgere
866 1131 950 1201 parte

233 1219 392 1291 propterea
412 1211 447 1272 so
467 1212 514 1272 nti
533 1209 689 1271 rideantur
711 1209 810 1271 dicere
832 1227 949 1290 verum,

655 1317 674 1354 4(

277 1387 359 1448 Luna
381 1394 480 1466 potest
501 1385 573 1446 solis
594 1385 685 1446 radiis
707 1403 848 1464 percussa
869 1387 967 1446 nitere
1129 1409 1166 1449 vos

234 1479 323 1555 inque
347 1475 411 1536 dies
432 1476 527 1553 magis
550 1471 586 1536 id
603 1473 705 1534 lumen
727 1480 899 1535 convertere
919 1472 1008 1534 nobis

165 1581 216 1630 ees
235 1564 271 1626 ad
293 1565 437 1644 speciem,
459 1569 601 1642 quantum
624 1561 695 1622 solis
718 1561 830 1622 secedit
852 1560 889 1622 ab
910 1561 989 1643 orbi,

165 1661 221 1712 706
235 1652 363 1730 donique
386 1669 454 1711 eum
475 1657 579 1711 eontra
601 1650 688 1728 pleno
709 1649 786 1710 bene
807 1649 920 1710 lumine
943 1649 1026 1710 fulsit

234 1747 322 1819 atque
346 1741 444 1799 oriens
468 1738 566 1798 obitus
588 1740 653 1798 eius
677 1737 866 1817 superedita
889 1737 976 1799 vidit:

236 1827 305 1889 inde
327 1828 494 1887 minutatim
515 1833 597 1886 retro
620 1829 704 1905 quasi
726 1825 854 1887 condere
874 1825 977 1887 lumen
1131 1852 1170 1891 vro

220 1916 324 1990 *debet
345 1919 430 1997 item,
454 1921 562 1994 quamn
584 1917 707 1993 propius
730 1917 789 1975 iam
811 1914 883 1975 solis
906 1914 943 1975 ad
964 1917 1067 1993 ignem

161 2021 218 2070 '700
236 2004 344 2065 labitur
365 2023 403 2064 ex
425 2003 482 2064 alia
505 2005 656 2082 signorum
679 2010 762 2082 parte
784 2021 838 2082 per
861 2001 977 2084 orbem3

167 2098 219 2153 711
237 2101 271 2154 ut
293 2093 416 2174 iaciunt,
439 2091 539 2154 lunam
563 2093 615 2170 qui
636 2092 751 2170 lingunt
772 2109 840 2152 esse
862 2091 934 2170 pilai

237 2180 421 2242 consimilem
445 2198 608 2258 cursusque
630 2181 707 2240 viam
728 2178 784 2240 sub
807 2179 870 2239 sole
892 2187 1003 2240 tenere

237 2277 283 2330 est
305 2272 393 2331 etiam
416 2286 507 2348 quare
529 2270 650 2347 proprio
673 2286 741 2329 cum
762 2267 873 2328 lumine
896 2269 992 2347 possit
1132 2291 1171 2331 us

237 2358 347 2418 volvier
369 2364 399 2418 et
420 2359 516 2417 varias
539 2355 704 2435 splendoris
727 2355 851 2417 reddere
874 2355 996 2417 lormas:

168 2461 219 2512 τοῦ
238 2463 345 2524 corpus
369 2447 448 2505 euim
470 2445 540 2506 licet
563 2462 628 2505 esse
651 2443 743 2526 aliud,
767 2443 844 2523 quod
867 2444 963 2504 fertur
983 2451 1015 2505 et
1037 2462 1097 2504 una

167 2542 221 2592 716
236 2533 344 2593 labitur
366 2533 544 2593 omnimodis
567 2550 725 2593 occursans
749 2532 957 2613 efficiensque,

237 2640 292 2682 nec
314 2623 392 2700 potis
414 2627 461 2680 est
483 2622 580 2701 cerni,
602 2623 672 2699 quia
694 2638 812 2682 cassum
834 2620 945 2681 lumine
968 2621 1071 2681 lertur.

237 2711 408 2787 versarique
430 2715 541 2789 potest,
562 2707 667 2787 globus
689 2716 723 2770 at
745 2711 772 2769 si
794 2709 870 2769 torte
892 2707 965 2788 pilai
1131 2732 1170 2772 vso

238 2797 359 2859 dimidia
382 2799 518 2876 experti
541 2796 678 2857 candenti
698 2796 810 2857 lumine
832 2798 957 2878 tinctus,

168 2901 220 2951 710
237 2885 440 2965 versandoque
464 2885 584 2964 globum
606 2887 747 2946 variantis
768 2885 857 2946 edere
879 2884 1003 2965 formas,

168 2974 366 3053 721donique
390 2991 455 3034 cam
476 2981 604 3053 partem,
627 2980 859 3052 quaecumquest
880 2972 1000 3051 ignibus
1022 2980 1130 3055 aucta.

239 3063 274 3123 ad
299 3063 427 3142 speciem
449 3064 538 3122 vertit
560 3061 647 3122 nobis
670 3061 829 3141 oculosque
851 3063 994 3140 patentis:

239 3151 308 3210 inde
331 3152 499 3212 minutatim
522 3157 603 3211 retro
626 3146 802 3229 contorquet
823 3157 855 3210 et
877 3150 974 3210 euicrt
1133 3172 1169 3212 aas

239 3238 392 3299 luciferam
414 3245 528 3317 partem
550 3237 771 3316 glomeraminis
793 3244 881 3317 atque
904 3237 988 3319 pilai3

169 3341 220 3392 715
238 3333 272 3387 ut
295 3325 470 3406 Babylonica
492 3326 670 3387 Chaldaeum
693 3326 826 3388 doctrina
848 3327 982 3388 refutans

169 3421 223 3473 726
241 3413 455 3493 astrologorum
478 3422 571 3475 artem
594 3421 696 3476 eontra
719 3417 895 3476 convincere
918 3415 1027 3495 tendit,

226 3502 362 3585 proinde
387 3505 474 3586 quasi
496 3502 530 3566 id
550 3503 620 3566 lieri
639 3509 768 3584 nequeat
788 3503 869 3582 quod
887 3510 998 3582 pugnat
1019 3509 1156 3583 uterque,
