2430 3878
106 199 244 254 LXXVIII
468 197 751 256 PROLEGOMENA.

107 344 197 408 molis
214 346 246 407 B.
269 343 415 408 montdo’
434 348 498 407 com
520 345 643 426 cooperis
661 350 790 426 pessime
809 347 862 408 ΜΓ.
877 381 920 393 -
934 344 1001 409 484
1018 340 1123 431 (haud

106 434 252 497 mirumst
271 429 315 518 sc')
333 468 370 478 —
391 433 556 514 copercuct
575 434 637 495 Lm.
665 454 690 496 v.
716 443 873 496 comment.
902 435 1002 496 nnc:
1034 453 1120 514 cope-

106 521 195 585 riant
220 521 277 593 00.
305 523 390 601 vulgo
421 531 488 584 ante
520 522 582 584 Lm.
606 557 648 566 -
676 521 740 586 502
772 525 919 587 imdcde
949 522 1122 588 demittere

107 611 148 692 B,
172 612 249 690 quod
273 611 366 690 probo
389 619 422 673 ut
450 611 711 691 simplicissimum.
729 647 771 656 -
786 612 898 675 edocati
916 632 952 674 ex
969 611 1018 675 cols
1032 611 1122 674 venti

107 719 133 760 v.
152 698 216 762 503
240 698 298 770 00.
323 734 365 742 -
388 698 527 761 umentia
548 699 610 760 Lm.
633 717 771 763 ommcm
791 700 844 761 Mr.
868 733 910 743 -
934 697 999 762 512
1026 703 1123 779 atquc

107 794 241 851 tencre
264 786 319 849 dic
333 784 461 867 pataviae
483 790 666 850 consuerunt
681 788 744 849 Lm.
767 791 803 850 at
817 786 960 850 ediceret
974 787 1030 851 diu
1047 789 1120 871 00.,

108 879 193 937 cuius
221 884 371 937 corrector
399 879 536 954 antiquus
563 879 601 937 act
625 875 754 939 reticere
781 875 843 939 diac.
880 879 970 956 atque
991 895 1122 940 monere

107 965 148 1046 B,
172 965 250 1044 qnod
274 983 377 1025 vereor
399 971 432 1024 ut
454 964 578 1025 latinum
600 967 647 1025 sit.
667 999 709 1007 —
728 962 794 1028 520
815 982 959 1028 seersum
981 967 1123 1028 crescunt

107 1070 308 1131 sursumque
343 1055 486 1115 creantur
517 1051 576 1124 00.
615 1061 771 1132 postquam
802 1053 920 1114 Vahlen.
953 1054 1014 1115 ind.
1049 1054 1120 1115 lect.

107 1140 202 1202 Berol.
237 1139 321 1204 1881
356 1139 424 1220 p.8
461 1141 517 1201 hoc
549 1157 674 1203 sorsum
705 1149 786 1202 recte
818 1144 1028 1221 interpretatus
1063 1149 1121 1224 est,

108 1232 239 1290 virorum
262 1230 416 1290 doctorum
439 1232 624 1290 coniecturas
647 1230 696 1289 hic
715 1231 815 1291 afferri
833 1249 907 1309 opus
925 1249 984 1291 non
1003 1237 1059 1292 est.
1074 1264 1118 1274 —

109 1315 174 1379 524
192 1325 229 1380 ct
241 1335 330 1379 mccc
347 1362 355 1378 .
371 1363 378 1378 .
396 1316 508 1380 wesdis:
532 1336 585 1378 cur
604 1317 777 1378 secluserim
794 1337 820 1379 v.
838 1338 866 1399 p.
880 1318 991 1380 XXVII.
1022 1318 1120 1380 Lach-

108 1424 233 1466 mannus
261 1406 297 1466 ad
319 1424 344 1465 v.
361 1403 424 1467 608
434 1424 496 1484 sqq.
523 1405 572 1465 hic
601 1424 717 1484 qnoque
745 1407 844 1467 videre
873 1406 932 1467 sibi
961 1409 1042 1468 visus
1072 1415 1121 1468 est

110 1497 226 1572 signum
250 1512 285 1554 ex
305 1511 363 1572 qno
382 1499 537 1572 appareret
554 1492 692 1554 Lucretio
712 1512 786 1573 opus
804 1496 948 1574 perticere
966 1513 1027 1556 non
1045 1513 1119 1556 con-

108 1585 220 1661 tigisse.
261 1581 318 1642 alio
345 1588 443 1641 tamen
472 1581 584 1641 ducunt
606 1584 728 1660 vestigia
759 1601 833 1662 quae
861 1601 975 1644 summa
1003 1587 1120 1662 sagaci-

108 1677 167 1730 tate
186 1671 306 1730 invenit.
335 1677 417 1730 recte
441 1671 520 1729 enim
542 1678 642 1730 monet
664 1673 728 1749 ipse
746 1678 872 1752 poetam,
890 1690 958 1732 cum
979 1672 1119 1734 versibus

110 1757 152 1821 83
176 1766 206 1819 et
229 1755 273 1820 84
295 1757 368 1817 nihil
391 1759 450 1818 nisi
473 1752 618 1838 μετέωρα
639 1761 833 1840 promisisset,
856 1767 956 1820 tamen
977 1760 1025 1820 his
1047 1779 1119 1840 per-

108 1849 241 1907 tractatis
263 1845 337 1906 nihi]
360 1846 523 1923 praefatum
546 1846 582 1906 ad
604 1849 759 1907 terrestria
780 1850 916 1908 transire.
951 1848 1022 1926 quid
1044 1867 1119 1910 vero

108 1935 178 1995 inde
192 1931 348 2012 sequitur?
366 1934 431 2014 hoc,
446 1936 559 2014 opinor,
577 1933 715 1995 etaltera
734 1936 877 2014 quaedam
891 1937 1034 2015 praefatio
1047 1945 1120 2016 post

109 2019 172 2084 527
185 2015 279 2107 (534)
290 2022 489 2082 desideretur:
504 2040 590 2100 quam
601 2025 720 2082 omnino
730 2026 871 2102 scriptam
880 2042 940 2084 non
950 2025 1041 2085 fuisse
1051 2029 1120 2086 veri

108 2130 168 2170 non
183 2118 228 2172 est
242 2110 352 2171 simile:
371 2110 546 2170 exciderunt
559 2112 651 2188 igitur
665 2110 707 2171 ibi
719 2130 832 2172 versus
860 2113 938 2191 quod
952 2131 1012 2173 non
1026 2114 1119 2175 citius

109 2202 295 2281 cognoveris,
319 2217 407 2279 quam
429 2198 538 2258 videris
557 2217 625 2259 eum
643 2199 754 2280 locum,
777 2219 865 2278 quem
882 2200 944 2261 Lm.
963 2207 1031 2280 post
1049 2198 1117 2262 607

109 2282 210 2372 (Lm),
233 2288 285 2349 ubi
302 2291 333 2348 in
351 2286 530 2348 membranis
554 2294 641 2367 extat,
663 2295 812 2348 retentum
835 2289 964 2369 seclusit,
986 2307 1030 2349 vr.
1049 2287 1117 2352 608

109 2375 226 2457 -638,
249 2384 316 2437 ante
336 2372 400 2438 535
424 2375 676 2454 transponendum
698 2394 773 2456 esse,
795 2376 848 2437 ubi
870 2379 1036 2438 rectissime
1055 2378 1118 2438 iam

108 2483 140 2524 se
162 2463 251 2524 habet
273 2463 345 2523 illud
362 2460 529 2542 priocc'pmc.
557 2482 621 2523 rem
638 2467 791 2543 perspexit
812 2464 962 2544 Kanneng.
985 2465 1004 2526 I
1026 2483 1052 2526 c.
1072 2497 1118 2510 -

108 2548 172 2613 552
204 2549 394 2613 coniunctast
422 2544 537 2634 (tellus)
571 2552 639 2613 oris
668 2550 780 2629 morc‘s,
815 2551 950 2632 undiquc
978 2550 1117 2632 cicccc:

108 2655 237 2702 ..oros
263 2636 362 2700 mcco's
384 2683 419 2699 ..
446 2636 569 2717 clepens
593 2639 652 2710 00.
680 2640 744 2700 edd.
768 2673 811 2685 -
839 2639 904 2703 574
930 2658 985 2704 occ
1009 2639 1118 2704 minos

107 2724 262 2790 occultam
281 2743 348 2789 res
366 2720 477 2810 (Bkm.)
499 2728 536 2788 ct
556 2723 632 2806 lapi
656 2745 771 2808 cuoqccc
792 2726 859 2791 oc'oc'
876 2775 883 2790 .
898 2749 919 2790 .:
946 2726 1118 2792 excitantes

106 2815 220 2896 dcpcc's
246 2833 362 2896 cecoque
387 2812 452 2877 cim
483 2813 541 2885 00.
586 2812 735 2893 ccultant,
765 2819 794 2878 ct
815 2814 869 2878 obc'
896 2813 972 2897 lapi’
999 2834 1118 2896 cunque

106 2903 173 2966 oioc'
194 2905 257 2966 Lm.
278 2905 310 2964 B.
342 2905 379 2966 ot
401 2901 524 2982 scrupo'
546 2949 580 2965 ..
605 2904 658 2965 Mr.
682 2938 724 2948 -
748 2902 811 2968 587
840 2903 1022 2969 micantea·
1044 2922 1118 2967 cccc

106 2991 175 3055 dem
204 2993 253 3055 iro
277 2991 406 3071 prodetis
430 2993 554 3070 partem
586 2991 674 3053 Goeb.
707 3001 818 3072 quaest.
850 3013 878 3072 p.
902 2993 958 3056 27:
997 2991 1120 3056 minent

105 3079 142 3142 c‘o
169 3078 296 3143 condem
318 3080 375 3153 00.
403 3082 508 3142 meoet
527 3079 600 3160 Lm,
630 3099 686 3159 quo
715 3099 775 3143 non
802 3081 916 3143 felicius
939 3082 971 3143 B.
995 3079 1117 3158 marat,

106 3169 158 3230 ΜΓ.
187 3170 309 3231 tament.
336 3202 378 3212 -
409 3166 473 3231 598
501 3166 612 3246 recipit
629 3164 782 3248 prolapso
807 3186 882 3232 sacas
908 3168 944 3231 c'c
968 3169 1117 3250 pondera

105 3255 189 3320 sedes
216 3257 249 3328 0.
276 3256 338 3318 Lm.
366 3257 397 3318 B.
446 3255 522 3316 male
549 3255 602 3316 Mr.
630 3275 666 3317 ex
693 3257 785 3318 altero
812 3257 952 3319 Leidensi
978 3256 1014 3320 c'n
1036 3276 1117 3339 porc-

105 3345 188 3428 dere,
214 3346 250 3406 cf.
273 3345 390 3406 Lachm.
418 3352 574 3405 comment.
601 3377 646 3390 —
674 3343 848 3409 601-608
877 3347 912 3408 de
941 3347 1116 3408 anacolutho

104 3454 130 3497 v.
153 3454 181 3514 p.
200 3433 274 3495 xxi.
297 3465 342 3479 -·
364 3430 427 3495 656
450 3430 529 3494 saint
549 3429 624 3495 haec
650 3429 737 3496 tellus
759 3431 863 3515 ,nobis
881 3482 888 3496 .
904 3480 933 3496 ..
956 3431 1035 3498 mali
1053 3432 1119 3514 fert

92 3523 208 3584 Mararll.
227 3522 261 3585 B.
279 3521 335 3585 Mr.
359 3518 461 3586 morbi
479 3520 536 3594 00.
561 3518 628 3586 orbi
649 3520 713 3584 Lm.
730 3555 775 3568 —
793 3521 857 3586 666
869 3542 932 3602 sqq.
957 3520 1003 3585 ‘ct
1018 3521 1116 3586 nimie
