2430 3878
582 163 609 217 11

158 315 241 370 tanto
265 327 355 389 opere
377 309 513 372 humanis
536 310 701 370 rationibus
725 310 911 373 admoderate

79 406 142 455 170
159 406 293 477 tempora
314 405 429 459 mutare
453 417 597 459 annorum
620 400 779 477 frugesque
803 417 904 459 creare

161 493 192 547 et
214 489 273 546 iam
295 494 406 566 cetera,
429 487 560 547 mortalis
584 505 658 566 quae
682 487 786 548 suadet
809 487 890 547 adire

162 577 284 655 ipsaque
308 574 426 635 deducit
449 575 507 635 dux
530 577 606 635 vitae
630 575 678 635 dia
700 575 833 654 voluptas

162 670 192 723 et
214 681 263 722 res
285 681 340 741 per
362 663 485 724 Veneris
508 663 657 724 blanditur
680 663 774 723 saecla
797 669 972 742 propagent,

161 769 199 811 ne
222 769 315 830 genus
339 751 452 812 occidat
473 751 643 812 humanum.
680 770 806 831 querum
829 753 927 810 emnia
950 768 1037 810 causa

85 849 143 898 175
163 841 352 900 constituisse
376 839 447 900 deos
471 858 537 900 cum
560 841 687 919 fingunt,
710 839 838 900 omnibu'
861 838 951 900 rebus
1124 834 1126 838 ⁸

162 945 267 1006 magno
292 945 381 1006 opere
404 946 420 987 a
443 946 512 988 vera
534 927 610 1007 lapsi
632 931 745 988 ratione
768 928 912 988 videntur.
1122 994 1130 998 ,³

162 1032 230 1076 nam
254 1018 387 1095 quamvis
409 1034 510 1076 rerum
532 1019 665 1094 ignorem
688 1015 850 1095 primordia
873 1034 947 1094 quae
971 1017 1045 1094 sint,
1123 1063 1126 1070 .

162 1105 218 1164 boc
240 1111 339 1164 tamen
363 1123 399 1164 ex
422 1107 495 1183 ipsis
519 1104 592 1164 caeli
615 1104 779 1164 rationibus
802 1106 896 1164 ausim

164 1193 338 1253 confirmare
361 1191 484 1271 aliisque
509 1210 544 1252 ex
568 1191 657 1252 rebus
681 1192 805 1252 reddere
828 1191 928 1252 multis
933 1237 946 1271 ,-

90 1289 144 1338 180
163 1298 349 1359 nequaquam
371 1280 458 1340 nobis
481 1280 621 1340 divinitus
645 1299 710 1340 esse
734 1287 862 1340 creatam

163 1375 298 1429 naturam
320 1368 437 1429 mundi:
460 1375 540 1429 tanta
564 1374 621 1428 stat
642 1368 775 1448 praedita
798 1368 892 1447 culpa.

164 1474 238 1535 quae
260 1456 317 1516 tibi
338 1459 499 1536 posterius,
522 1456 653 1536 Memmi,
676 1457 817 1517 iaciemus
841 1463 955 1535 aperta:

163 1563 241 1605 nunc
264 1544 294 1604 id
318 1545 395 1623 quod
420 1552 556 1623 superest
578 1545 615 1605 de
638 1544 773 1605 motibus·
793 1545 994 1624 expediemus.

208 1632 292 1693 Nune
310 1632 393 1693 locus
413 1640 465 1712 est,
484 1641 517 1693 ut
536 1635 649 1712 opinor,
667 1635 698 1692 in
718 1633 764 1693 bis
782 1633 854 1694 illud
875 1651 991 1713 quoque
1008 1632 1097 1693 rebus

94 1729 146 1778 185
165 1722 338 1782 confirmare
361 1720 429 1800 tibi,
454 1721 564 1781 nullam
586 1740 650 1782 rem
672 1739 759 1800 pesse
783 1740 836 1782 sua
858 1724 888 1781 vi

165 1827 336 1888 corpoream
359 1827 478 1869 sursum
501 1810 573 1869 terri
596 1827 773 1889 sursumque
796 1828 903 1870 meare.

164 1916 202 1958 ne
225 1896 280 1957 tibi
303 1897 374 1957 dent
395 1899 426 1957 in
449 1916 484 1957 eo
508 1897 691 1958 flammarum
715 1916 838 1977 corpora
861 1897 1008 1959 fraudem:

166 2004 269 2046 sursus
293 1987 372 2044 enim
394 2003 497 2045 versus
521 1989 681 2064 gignuntur
703 1993 733 2046 et
756 1988 891 2064 augmina
914 1993 1048 2067 sumunt,

164 2067 219 2157 1111
241 2091 358 2133 sursum
381 2073 492 2133 nitidae
515 2074 616 2152 fruges
639 2073 816 2153 arbustaque
840 2081 990 2153 crescunt,
1008 2072 1018 2152 ΙΙ

93 2169 147 2218 190
164 2161 304 2241 pondera,
318 2169 459 2240 quantum
474 2163 505 2220 in
519 2169 588 2241 sest,
603 2179 669 2222 cum
685 2162 823 2222 deorsum
838 2169 942 2236 cuneta
956 2163 1097 2222 ferantur.

164 2268 221 2310 nec
243 2267 311 2309 cum
334 2247 494 2309 subsiliunt
516 2251 599 2327 ignes
623 2250 658 2309 ad
682 2256 759 2309 tecta
782 2250 936 2309 domorum

166 2345 197 2398 et
218 2337 308 2397 celeri
330 2337 446 2397 damma
469 2337 625 2415 degustant
646 2339 727 2415 tigna
750 2337 920 2417 trabesque,

166 2432 271 2505 sponte
295 2443 347 2485 sua
370 2427 466 2486 iacere
491 2425 521 2485 id
544 2427 608 2486 sine
632 2427 661 2485 vi
684 2424 828 2485 subeunte
851 2426 1050 2505 putandumst.

167 2513 244 2593 quod
267 2531 373 2593 genus,
396 2532 412 2573 e
435 2522 536 2574 nostro
559 2532 627 2574 cum
649 2516 758 2574 missus
782 2531 905 2592 corpore
929 2515 1048 2593 sanguis

94 2610 147 2660 195
166 2604 273 2662 emicat
295 2600 428 2661 exidtans
451 2601 508 2662 alte
532 2605 701 2681 spargitque
724 2621 869 2663 eruorem.

165 2708 263 2750 nonne
286 2689 368 2750 vides
391 2692 480 2750 etiam
503 2697 611 2769 quanta
633 2693 662 2749 vi
684 2693 766 2768 tigna
788 2691 948 2769 trabesque

166 2784 286 2857 respuat
308 2796 393 2838 umor
416 2775 529 2857 aquae?
565 2796 633 2838 nam
656 2796 714 2857 quo
737 2781 830 2857 magis
853 2781 983 2839 ursimus
1008 2780 1064 2840 alte

167 2867 285 2927 derecta
308 2873 338 2925 et
359 2884 463 2944 magna
486 2868 515 2926 vi
536 2867 622 2926 multi
644 2869 808 2946 pressimus
832 2885 931 2947 aegre,

164 2962 225 3014 tam
248 2954 353 3032 cupide
377 2972 496 3015 sursum
518 2957 643 3015 revomit
665 2957 759 3033 magis
783 2962 869 3033 atque
893 2957 1031 3035 remittit,

92 3052 147 3100 200
165 3042 232 3123 plus
255 3049 288 3103 ut
310 3050 393 3120 parte
417 3043 495 3102 foras
519 3048 670 3122 emergant
693 3043 879 3121 exibantque.

164 3150 221 3192 nec
242 3137 341 3190 tamen
363 3131 448 3210 baec,
472 3137 642 3210 quantumst
664 3132 695 3190 in
717 3149 762 3211 se,
785 3130 961 3211 dubitamus,
986 3134 1100 3213 opinor,

165 3221 238 3298 quin
259 3237 384 3279 vacuum
407 3221 569 3297 perinane
594 3219 731 3279 deorsum
755 3226 860 3280 cuncta
883 3221 1022 3280 ferantur.

1121 1264 1126 1304 i

165 3310 209 3368 sic
231 3309 321 3386 igitur
344 3306 453 3367 debent
475 3306 608 3367 ssammae
632 3325 749 3386 quoque
771 3326 860 3386 pesse
882 3327 937 3386 per
960 3327 1045 3369 auras

164 3398 241 3456 aeris
265 3413 421 3474 expressae
445 3412 562 3455 sursum
586 3394 759 3475 succedere,
783 3414 959 3475 quamquam

92 3492 145 3543 205
162 3482 303 3565 pondera,
326 3490 468 3561 quantum
489 3485 521 3542 in
544 3491 614 3565 sest,
637 3483 776 3544 deorsum
794 3484 940 3547 deducere
959 3492 1097 3564 pugnent
