2430 3878
423 183 704 240 PROLEGOMENA.
956 182 1071 238 XXXIX

54 331 138 408 quot
157 328 318 390 Lm.B.Mr.:
342 347 496 392 7777777777
520 340 586 391 ante
610 331 671 392 Lm.
695 365 737 374 -
763 328 1069 395 titutionem.

57 417 173 478 Ginss.:
200 416 294 479 nodis
315 418 427 488 oona
452 416 552 481 nimae
574 419 605 479 Β.
629 454 671 462 -
695 418 1069 501 718777777777171171.

55 506 153 566 XXIII
171 504 246 585 631,
269 504 482 568 711Η1019τ
510 511 629 586 eripies
652 507 777 578 0677171.
802 542 842 550 -
871 506 933 571 738
956 525 1070 570 rorem

56 595 168 656 Christ.
187 614 215 673 p.
232 592 281 656 14.
318 592 411 657 solerii
430 595 554 666 OQedd.
578 631 620 638 -
646 594 708 659 746
727 594 892 657 minimum
911 594 1070 658 consistere

58 681 396 746 777777177777717777
423 684 488 744 edd.
510 702 657 763 prorsum
680 685 773 744 Lm.B.
801 682 837 745 in
863 681 928 745 titis
949 685 1002 745 Mr.
1027 719 1068 727 —

60 768 124 834 747
139 772 237 835 item
253 768 316 833 749
330 774 451 852 utqui
464 772 577 844 oona
592 774 626 833 of.
642 773 693 833 Mr.
709 780 863 833 comment.
878 773 904 832 11
919 774 953 833 ad
968 773 981 832 1
996 770 1068 835 755.

57 858 107 921 ort
130 907 137 921 .
160 905 168 921 .
192 906 199 920 .
225 877 320 939 iisqne
342 861 437 921 Lm.B.
460 893 503 904 -—
526 880 629 922 versus
653 860 715 924 768
741 855 820 943 (774
845 855 921 943 Lm.)
951 861 1068 921 damna-

58 956 109 1008 tur
137 968 153 1010 a
181 948 346 1009 Purmanno
380 943 490 1032 (progr.
519 949 608 1010 Lauh.
639 946 723 1012 1858
753 969 781 1029 p.
809 943 844 1033 3)
878 953 1069 1010 vanissimum

59 1036 133 1097 1117771
157 1038 336 1116 proferente,
359 1041 560 1098 necessarium
582 1057 641 1098 non
665 1057 740 1098 esse.
786 1038 896 1098 Pollius
919 1056 1001 1118 vero,
1032 1038 1068 1098 de

59 1132 114 1186 art.
137 1125 237 1186 vocab.
260 1145 288 1205 p.
304 1123 355 1205 23,
378 1129 584 1203 gravissimum
607 1128 710 1186 vitium
734 1129 821 1186 ineo
849 1126 927 1204 quod
951 1134 996 1186 est
1018 1144 1069 1187 ece-

58 1211 166 1275 animo
188 1231 258 1275 777777
280 1231 401 1292 corpore
423 1217 521 1274 inesse
546 1223 661 1295 censet,
691 1215 768 1292 quod
793 1217 831 1274 sit
854 1234 921 1274 eum
945 1233 1067 1293 corpore

59 1304 157 1362 anima
175 1305 298 1383 privato,
323 1301 436 1362 seilicet
454 1321 550 1381 neque
571 1305 660 1363 metri
678 1306 885 1363 necessitatem
905 1305 1068 1381 respioIens

58 1409 157 1540 iiiii
168 1409 333 1557 0516181681
342 1407 577 1550 08688669πίἴόἝί
594 1388 1068 1560 7188778871’17618101177777777176

58 1567 156 1628 dinam
180 1567 315 1646 superbe.
339 1600 381 1610 -
406 1566 470 1630 884
492 1584 575 1629 eoae
601 1575 638 1630 et
656 1615 688 1628 ..
716 1570 884 1628 scrutemur
907 1567 965 1638 00.
989 1568 1068 1628 edd.:

59 1689 103 1699 —
128 1688 170 1698 —
193 1658 229 1716 777
254 1655 348 1716 Lm.B.
377 1690 419 1698 -
448 1654 511 1719 828
538 1674 642 1718 rerum
669 1673 768 1734 quam
792 1653 866 1717 dieii
887 1654 1067 1718 homoeome-

57 1741 134 1805 rian
153 1791 159 1804 .
180 1790 213 1803 ..
245 1741 308 1806 833
333 1791 339 1804 .
364 1793 370 1804 .
392 1746 487 1824 pietat
507 1743 620 1815 OQMr.
649 1744 737 1804 Goeb.
766 1752 877 1823 quaest.
904 1764 931 1823 p.
952 1740 1007 1823 21,
1036 1754 1068 1805 ut

59 1832 167 1892 Graeoi
185 1835 371 1910 saepissime:
393 1850 484 1910 quoin
502 1831 596 1893 Lm.B.
616 1867 658 1874 -
679 1829 743 1894 834
762 1851 778 1889 7
795 1829 859 1894 835
877 1830 1000 1911 mneos
1017 1851 1068 1894 ee·

57 1918 165 2000 mitis,
188 1938 324 1982 7777777777
341 1918 499 1982 timoribus
518 1937 580 1983 esse
600 1929 722 1981 7777777.
741 1921 847 1980 Victor.
866 1920 1067 1982 Bouterweek.

59 2027 158 2088 progr.
182 2007 315 2069 Rossleb.
341 2006 427 2072 1864
449 2029 476 2088 p.
491 2006 520 2069 4.
552 2027 590 2071 err
611 2007 694 2088 ipriis
712 2008 770 2079 OQ.
790 2043 832 2050 —
849 2005 910 2070 847
930 2025 1068 2089 7777977777

59 2114 105 2159 ori
133 2113 204 2158 osso
229 2116 320 2177 marg.
343 2097 464 2157 Florent
486 2095 542 2178 32,
565 2097 665 2158 Lamb.
688 2097 787 2157 B.Mr.:
814 2095 943 2176 sompnis
969 2116 1013 2158 ori
1035 2114 1068 2159 os

59 2185 120 2256 00.
154 2183 295 2266 sangnis,
330 2203 412 2248 7777777
449 2202 482 2247 os
510 2204 571 2246 non
605 2189 704 2265 inepte
734 2185 867 2245 GiIanius
898 2186 950 2245 sed
980 2204 1068 2245 versu

58 2276 161 2334 miuus
183 2272 269 2334 bello.
311 2290 450 2353 sanguen
472 2290 505 2335 os
527 2270 663 2335 oerum?
704 2272 779 2333 Lm:
803 2276 984 2351 argumentis
1008 2292 1067 2333 non

58 2361 175 2422 levibus
203 2365 355 2441 impugnat
381 2381 499 2422 versum
528 2361 682 2423 Stuerenb.
710 2380 738 2440 p.
757 2359 829 2422 424.
870 2360 922 2421 sed
951 2362 1068 2421 videtur

59 2452 135 2511 ferri
158 2468 255 2532 posse,
278 2453 360 2511 utin
379 2469 468 2530 opere
487 2451 668 2530 Imperfeoto.
702 2457 782 2510 77777
801 2467 914 2510 aierem
932 2458 1018 2528 poeta
1036 2453 1085 2522 in¹

59 2537 161 2619 rebus,
185 2558 259 2618 quae
282 2539 425 2612 invalido
449 2557 593 2618 oppressu
617 2539 723 2598 durare
742 2557 801 2598 non
819 2546 949 2618 possent,
972 2542 1069 2617 potuit

59 2645 121 2687 non
141 2629 204 2687 sine
219 2629 332 2687 ratione
347 2631 490 2687 omittere.
505 2662 547 2669 -
563 2624 627 2689 858
646 2624 728 2688 reim
744 2625 852 2702 77777773,
871 2629 900 2688 ei
915 2625 1024 2688 aridos
1042 2629 1071 2688 ei

59 2711 169 2794 liquor,
183 2713 257 2794 ipse
271 2718 311 2776 ita
325 2722 404 2776 recte
420 2716 554 2775 distinxit
563 2715 722 2775 Lohmann.
734 2723 844 2793 quaest.
854 2714 970 2776 Lueret.
981 2734 1008 2793 p.
1017 2712 1068 2776 59.

60 2837 104 2846 -
120 2801 185 2867 860
207 2801 349 2883 oeriisqiie
366 2805 467 2864 7177777.
486 2804 599 2864 Susem.
622 2803 721 2883 phiIoI.
745 2803 808 2864 XIV
826 2800 890 2865 563
902 2823 944 2882 sq.
967 2801 1068 2864 sarrie-

59 2909 118 2972 qne
132 2886 536 2974 00.77171.-1Ι869...7717’7,
550 2895 690 2972 aegei-
702 2886 715 2974 11
731 2893 843 2953 Susem.
854 2900 884 2954 77
893 2893 959 2971 Brg.
969 2890 1068 2970 philol.

58 2981 154 3041 XXIII
176 3000 204 3060 p.
225 2977 289 3042 633
300 2999 377 3059 sqq.:
405 2975 463 3040 eiii
484 2982 574 3057 erepet
594 2977 719 3050 0077171.
739 3011 780 3020 -
805 2976 869 3040 868
897 2996 934 3040 eir
960 2976 1070 3040 olieni-

57 3067 154 3149 gerris‚
173 3087 252 3147 qnae
269 3065 363 3147 lignis
380 3065 587 3142 eoeoriooirrr;
606 3064 786 3128 exorientur
798 3065 874 3126 Flor.
891 3065 946 3127 31:
965 3066 1057 3129 miore

60 3159 112 3219 iro
130 3157 189 3228 OQ.
203 3175 281 3236 quoe
299 3153 481 3235 alienigenis
494 3153 636 3216 oriuntur
649 3153 743 3214 Lm.B.
759 3150 853 3232 iipriis
865 3151 915 3215 iris
928 3154 1071 3217 orientur

59 3246 113 3307 Mr.
128 3279 171 3290 —
188 3245 250 3309 877
269 3238 398 3328 11777777
417 3241 517 3322 lepidi
535 3240 668 3322 lapidem
686 3240 828 3304 ierimus:
847 3242 909 3302 Lm.
925 3247 1069 3325 17777777,

61 3337 119 3395 nisi
144 3334 223 3414 quod
247 3333 381 3394 lacunam
404 3351 464 3393 non
488 3335 588 3393 sensit.
630 3331 742 3409 lapides
766 3339 835 3391 sunt
858 3331 997 3392 molares:
1024 3329 1070 3393 io

56 3421 128 3505 pidi
145 3421 182 3484 iri
200 3419 335 3502 lapidem
353 3424 487 3483 7777777777
501 3420 559 3491 00.
574 3454 616 3464 -
632 3417 697 3482 880
714 3416 831 3481 salices
845 3419 944 3480 Bruno
971 3439 1069 3499 progr.

59 3511 148 3573 uara.
175 3509 260 3575 7777
288 3530 315 3591 p.
332 3507 359 3571 a.
389 3507 491 3571 earnes
514 3508 639 3580 777777.
659 3540 700 3551 -
726 3505 791 3572 777
820 3504 909 3589 quoa
935 3468 1079 3591 (7777777
