2430 3878
597 185 610 239 1

99 340 153 392 ‘196
173 331 277 393 ordine
301 339 412 393 mutato
436 339 466 392 et
487 339 583 413 motu,
605 333 702 395 lacere
725 337 802 395 aeris
826 353 925 417 auras,

174 422 218 481 sic
241 420 311 480 alias
335 420 400 481 aliis
422 420 512 481 rebus
534 424 677 482 mutarier
700 418 817 483 omnis?

218 503 266 570 ‘lt
287 509 443 569 manifesta
465 508 561 588 palam
584 527 632 569 res
655 507 776 571 indicat’
800 512 900 589 inquis
923 507 965 570 ‘in
989 529 1074 572 auras

173 598 251 657 atris
274 614 290 656 0
313 604 393 656 terra
415 613 464 656 res
487 599 582 658 omnis
606 615 740 658 crescere
763 597 872 680 alique3

101 693 160 745 805
175 692 205 746 et
228 686 287 744 nisi
309 690 468 763 tempestas
491 684 624 762 indulget
645 692 777 765 tempore
798 686 893 747 lausto
1066 699 1107 741 800

102 779 155 830 800
174 771 332 853 imbribus,
355 779 388 832 ut
409 770 476 831 tabe
498 772 668 834 nimborum
691 774 810 834 arbusta
832 774 980 856 vacillent,

175 860 277 939 solque
301 878 353 920 sua
376 877 429 939 pro
452 867 535 938 parte
559 861 636 922 lovet
659 862 820 941 tribuitque
844 863 984 945 calorem,

175 966 309 1009 crescere
331 965 392 1007 non
414 950 529 1026 possint
551 949 650 1028 fruges
673 949 792 1011 arbusta
814 945 992 1012 animantis'

175 1035 302 1116 scilicet,
325 1043 355 1095 et
376 1037 437 1095 nisi
457 1053 513 1096 nos
537 1036 620 1096 cibus
643 1037 743 1098 aridus
766 1045 796 1098 et
817 1046 903 1098 tener
924 1057 1010 1100 umor

100 1131 158 1184 810
174 1124 304 1205 adiuvet,
327 1126 435 1184 amisso
458 1126 517 1184 iam
539 1142 663 1204 corpore
685 1128 743 1186 vita
766 1144 883 1205 quoque
906 1130 1002 1188 omnis
1066 1141 1106 1182 ⁸1⁰

101 1218 154 1269 800
175 1211 353 1278 omnibuse
375 1214 473 1272 nervis
497 1219 583 1291 atque
607 1213 723 1273 ossibus
745 1214 926 1276 exsoluatur:

175 1300 342 1360 adiutamur
365 1302 444 1360 enim
467 1299 555 1360 dubio
578 1301 682 1379 procul
705 1308 792 1381 atque
814 1302 920 1364 alimur
941 1322 996 1365 nos

175 1390 266 1449 certis
288 1387 324 1448 ab
348 1386 450 1468 rebus,
475 1390 565 1448 certis
588 1388 661 1449 aliae
685 1395 771 1468 atque
795 1389 867 1450 aliae
890 1410 946 1452 res.

173 1478 328 1556 nimirum,
352 1477 421 1555 quia
443 1475 533 1536 multa
555 1476 651 1538 modis
674 1481 840 1539 communia
862 1479 963 1540 multis

99 1572 159 1623 815
175 1564 335 1625 multarum
357 1581 458 1624 rerum
480 1566 512 1624 in
534 1564 623 1625 rebus
646 1566 807 1646 primordia
829 1568 919 1643 mixta
1067 1578 1106 1620 ⁸1⁶

100 1658 156 1710 810
176 1659 258 1733 sunt,
281 1652 348 1712 idco
370 1653 459 1712 variis
482 1654 578 1713 variae
601 1671 650 1713 res
673 1653 762 1715 rebus
785 1654 910 1715 aluntur.

175 1747 262 1819 atque
286 1739 388 1800 cadem
411 1742 511 1817 magni
533 1741 623 1801 refert
646 1742 808 1821 primordia
831 1761 918 1821 saepe

176 1847 244 1889 cum
267 1828 374 1906 quibus
398 1834 428 1888 et
450 1827 529 1906 quali
551 1831 683 1906 positura
706 1833 912 1915 contineantur

175 1924 205 1978 et
228 1934 302 1995 quos
324 1918 403 1976 inter
426 1933 458 1976 se
482 1915 551 1976 dent
573 1924 671 1977 motus
694 1921 908 1997 accipiantque:

100 2013 164 2066 820
174 2022 301 2083 namque
326 2004 428 2065 eadem
450 2003 563 2064 caelum
585 2023 666 2066 mare
689 2012 784 2066 terras
807 2007 928 2068 llumina
951 2001 1043 2066 solem
1067 2020 1107 2060 mo

101 2100 157 2152 818
176 2095 372 2172 constituunt,
396 2091 497 2152 eadem
521 2092 620 2171 fruges
643 2092 762 2154 arbusta
784 2097 953 2174 animantis,

175 2198 278 2241 verum
301 2180 366 2241 aliis
389 2179 504 2259 alioque
528 2181 614 2240 modo
638 2183 795 2241 commixta
817 2189 978 2243 moventur.

177 2270 249 2348 quin
272 2271 360 2330 etiam
382 2270 493 2346 passim
516 2270 626 2328 nostris
648 2271 680 2328 in
702 2267 837 2329 versibus
860 2271 934 2347 ipsis

175 2356 267 2417 multa
290 2356 434 2416 elementa
455 2357 538 2416 vides
560 2356 661 2416 multis
684 2359 851 2417 communia
873 2356 985 2438 verbis,

103 2451 164 2504 825
176 2463 244 2505 cum
266 2452 364 2505 tamen
386 2446 465 2505 inter
488 2463 519 2504 se
542 2462 645 2505 versus
669 2463 703 2505 ac
725 2445 814 2506 verba
836 2452 986 2506 necessest
1068 2456 1108 2499 82⁵

103 2541 158 2592 820
177 2533 335 2593 confiteare
359 2540 389 2593 et
410 2550 443 2593 re
467 2539 496 2593 et
519 2535 619 2593 sonitu
641 2532 750 2594 distare
774 2536 897 2594 sonanti.

176 2627 290 2682 tantum
314 2621 459 2681 elementa
481 2627 593 2699 queunt
614 2629 780 2700 permutato
803 2621 906 2683 ordine
930 2621 1005 2703 solo3

177 2715 329 2769 atrorum
353 2726 427 2788 quae
450 2716 519 2768 sunt
541 2709 715 2791 primordia,
737 2710 821 2789 plura
843 2709 983 2771 adhibere

176 2804 302 2877 possunt
324 2798 402 2858 unde
427 2804 535 2875 queant
557 2799 653 2858 variae
677 2816 725 2859 res
749 2816 881 2877 quaeque
905 2799 1007 2858 creari.

103 2892 161 2944 830
221 2883 307 2946 Nunc
330 2892 360 2946 ct
381 2887 567 2963 Anaxagorae
591 2892 757 2946 scrutemur
779 2886 1017 2946 homoeomerian
1070 2898 1110 2938 800

104 2980 158 3032 825
178 2990 265 3052 quam
289 2972 359 3034 Grai
380 2980 545 3034 memorant
566 2991 623 3034 nec
644 2981 745 3035 nostra
769 2973 868 3034 dicere
891 2973 990 3051 lingua

177 3061 312 3122 concedit
335 3062 422 3122 nobis
444 3063 533 3139 patrii
556 3065 702 3122 sermonis
725 3068 853 3142 egestas,

177 3150 230 3210 sed
252 3156 351 3210 tamen
373 3153 468 3228 ipsam
491 3167 555 3209 rem
577 3148 690 3210 facilest
714 3167 861 3229 exponere
884 3148 992 3210 verbis.

176 3240 337 3319 principio,
359 3255 460 3299 rerum
484 3255 571 3316 quam
595 3237 667 3298 dicit
688 3238 940 3319 homoeomerian,

103 3332 162 3385 835
175 3343 256 3408 ossa,
278 3326 429 3408 videlicet,
452 3344 468 3387 0
490 3325 627 3404 pauxillis
651 3332 737 3405 atque
760 3327 882 3386 minutis
1070 3336 1110 3377 ⁸⁸⁵

103 3422 158 3473 800
177 3414 294 3475 ossibus
317 3415 365 3476 hic
389 3421 420 3475 et
443 3414 478 3474 00
501 3413 638 3492 pauxillis
662 3421 748 3492 atque
771 3416 893 3474 minutis

176 3502 342 3564 visceribus
365 3505 463 3564 riscus
486 3505 568 3583 gigni
591 3519 782 3583 sanguenque
804 3505 906 3564 creari
