2430 3878
96 193 141 258 to
584 192 612 248 Π

98 349 152 398 380
171 341 310 420 quiddam
333 341 411 421 quod
434 347 535 403 contra
558 359 699 420 pugnare
714 340 889 419 obstareque
912 339 1038 421 possit?

169 432 254 490 cuius
277 430 313 490 ad
337 430 492 490 arbitrium
516 448 633 508 quoque
657 431 741 508 copia
763 431 897 489 materiai

170 520 285 596 cogitur
307 518 456 579 interdum
479 518 559 578 flecti
581 535 635 596 per
658 516 790 577 membra
811 535 866 595 per
888 524 972 579 artus

170 613 200 666 et
221 608 353 685 proiecta
374 607 542 667 refrenatur
564 611 702 684 retroque
726 605 838 665 residit

37 755 40 761 ,
171 712 260 773 quare
284 696 316 754 in
339 693 502 755 seminibus
525 712 642 773 quoqne
665 693 743 753 idem
766 694 874 754 fateare
898 701 1073 776 necessest,

99 788 150 838 285
170 800 236 842 esse
259 782 344 842 aliam
368 789 486 861 praeter
507 781 607 861 plagas
629 788 660 842 et
681 781 812 862 pondera
834 799 953 842 causam

168 870 311 951 motibus,
333 870 412 930 unde
435 870 507 930 haec
529 877 575 931 est
597 868 683 930 nobis
705 872 805 930 innata
827 876 972 952 potestas,

170 958 206 1018 de
229 958 290 1019 nilo
313 961 451 1037 quoniam
473 959 540 1018 lieri
561 957 604 1018 nil
626 976 712 1037 posse
735 958 876 1019 videmus.

169 1047 285 1125 pondus
308 1049 387 1106 enim
409 1045 546 1125 prohibet
568 1064 605 1106 ne
628 1045 721 1125 plagis
744 1048 842 1106 omnia
864 1047 936 1106 iiant

170 1140 291 1195 externa
314 1137 400 1214 quasi
421 1137 464 1195 vi:
487 1135 539 1195 sed
562 1153 600 1194 nc
622 1152 706 1194 mens
730 1136 794 1213 ipsa
815 1152 974 1195 necessum

100 1230 152 1279 300
170 1225 344 1283 intestinum
366 1222 472 1282 haheat
495 1225 609 1283 cunctis
631 1225 664 1282 in
686 1221 775 1282 rebus
798 1222 919 1300 agendis

170 1318 200 1371 et
222 1311 335 1371 devicta
358 1313 443 1390 quasi
465 1317 587 1388 cogatur
608 1311 841 1390 lerrepatique,
1005 1330 1032 1367 κ

170 1399 200 1459 id
224 1399 294 1459 lacit
316 1401 454 1477 exiguum
477 1398 621 1458 clinamen
644 1400 857 1477 principiorum

171 1505 226 1546 nec
248 1488 368 1564 regione
391 1485 450 1546 loci
472 1493 552 1547 certa
574 1504 630 1555 nec
651 1493 784 1565 tempore
807 1493 897 1547 certo.

214 1573 276 1634 Nec
298 1576 404 1653 stipata
425 1577 519 1652 magis
542 1574 599 1634 luit
619 1592 758 1653 umquam
781 1576 915 1654 materiai

101 1669 152 1719 295
172 1664 256 1740 copia
278 1680 333 1721 nec
355 1680 443 1740 porro
466 1661 629 1722 maioribus
651 1661 826 1723 intervallis:

170 1768 239 1810 nam
261 1768 356 1829 neque
379 1749 548 1828 adaugescit
570 1752 726 1829 quicquam
749 1768 846 1852 neque
868 1749 985 1828 deperit
1008 1751 1092 1812 inde.

171 1846 350 1917 quapropter
373 1857 430 1941 quo
453 1856 531 1898 nunc
554 1840 586 1898 in
607 1844 690 1899 motu
711 1840 927 1917 principiorum

171 1945 295 2005 corpora
317 1932 399 2006 sunt,
421 1929 453 1986 in
476 1926 580 1986 eodem
603 1932 670 1986 ante
693 1933 757 2010 acta
727 1932 874 1986 taetate
897 1926 981 1986 luere

171 2022 201 2076 et
223 2014 384 2094 posthaec
407 2033 525 2093 semper
547 2014 637 2074 simili
659 2003 773 2075 ratione
798 2015 943 2094 ferentur,

101 2114 152 2162 300
172 2110 201 2163 et
224 2121 298 2182 quae
322 2109 502 2163 consuerunt
524 2104 605 2181 gigni
627 2105 785 2204 gignentur
807 2102 909 2162 eadem

172 2191 343 2252 condicione
367 2198 396 2252 et
419 2197 506 2252 erunt
529 2197 558 2250 et
580 2197 714 2252 crescent
736 2192 823 2270 vique
846 2188 996 2271 valebunt,

156 2288 312 2359 quantum
335 2281 441 2359 cuique
465 2280 593 2340 datumst
614 2297 669 2358 per
690 2278 809 2338 loedera
832 2280 955 2339 naturai.

171 2386 226 2428 nec
249 2386 349 2427 rerum
372 2385 516 2427 summam
539 2374 718 2427 commutare
741 2366 800 2427 ulla
822 2373 921 2446 potest
942 2368 1001 2426 vis:

170 2473 239 2516 nam
262 2473 357 2533 neque
382 2473 439 2534 quo
462 2457 557 2534 possit
579 2473 671 2533 genus
694 2453 787 2516 rdlum
809 2456 944 2515 materiai

101 2552 152 2601 305
170 2541 318 2604 immenso
336 2542 465 2621 effugere
483 2561 519 2602 ex
538 2546 618 2603 omni
636 2545 830 2623 quicquamst,
853 2560 950 2621 neque
967 2543 999 2602 in
1018 2560 1112 2604 omne

171 2631 250 2692 unde
273 2637 372 2690 coorta
395 2635 483 2709 queat
505 2649 579 2691 nova
601 2633 645 2690 vis
668 2633 838 2710 inrumpere
862 2638 892 2691 ct
914 2648 1033 2690 ornnem

172 2726 306 2780 naturam
328 2736 430 2778 rerum
452 2726 565 2779 mutare
589 2725 618 2779 et
640 2726 755 2779 vertere
778 2725 884 2779 motus

216 2807 290 2867 lllud
313 2809 344 2866 in
367 2807 413 2867 his
436 2806 526 2867 rebus
549 2825 608 2867 non
632 2813 677 2867 est
699 2806 848 2886 mirabile,
871 2825 976 2887 quare,

172 2899 269 2973 omnia
291 2912 481 2955 cumrerum
503 2895 664 2973 primordia
688 2897 801 2955 sintin
824 2902 918 2976 motu,

102 2993 153 3041 310
173 3002 285 3044 summa
308 2990 407 3043 tamen
430 3001 544 3043 summa
566 2983 700 3043 videatur
723 2989 800 3043 stare
824 2985 936 3062 quiete,

171 3079 398 3151 praeterquam
422 3071 520 3149 siquid
542 3073 662 3149 proprio
686 3071 736 3131 dat
758 3088 881 3149 corpore
904 3077 1011 3131 motus.

133 3162 268 3220 omnis
291 3161 371 3219 enim
393 3158 479 3236 longe
501 3161 611 3218 nostris
635 3158 670 3218 ab
694 3158 831 3219 sensibus
854 3159 931 3219 inira

171 3251 334 3348 primorum
357 3256 461 3307 natura
483 3247 571 3328 iacet;
595 3254 785 3328 quapropter,
808 3246 891 3307 uhi
883 3265 974 3343 ipsa

172 3354 293 3397 cernere
321 3336 379 3395 iam
406 3353 549 3414 nequeas,
575 3353 623 3394 mo
625 3342 672 3396 tus
696 3353 812 3414 quoque
836 3353 960 3414 surpere
965 3319 1110 3416 debent;

100 3432 152 3482 315
170 3425 346 3504 praesertim
369 3442 449 3503 curn,
472 3441 547 3503 quae
569 3425 717 3501 possimus
741 3441 877 3503 cernere,
900 3422 998 3483 celent

159 3533 252 3592 saepe
275 3520 375 3574 tamen
398 3518 512 3595 motuS,
537 3513 632 3592 spatio
655 3511 776 3573 diducta
796 3510 937 3572 locorum.
