2430 3878
95 178 162 233 VIII
461 178 742 235 PROLEGOMENA.

98 344 174 404 narn,
194 331 226 385 ut
244 324 299 384 alia
317 333 509 406 praeteream,
533 345 629 387 nonne
651 345 772 387 necesse
792 332 837 386 est
854 328 898 386 eis
915 344 962 387 me
981 344 1101 405 respon-

98 415 178 494 dere,
201 416 253 492 qui
274 414 398 473 fortasse
423 422 574 495 quaerent,
597 417 648 493 qui
670 416 779 475 factum
802 417 854 495 sit,
877 421 922 495 ut,
946 433 1013 475 cum
1035 424 1103 475 ante

97 520 191 582 paene
219 503 322 579 viginti
349 520 441 562 annos
469 502 617 581 pollicitus
645 505 701 563 sim
728 521 776 563 me
801 521 920 563 carmen
943 502 978 563 de
1001 521 1103 563 rerum

98 597 202 651 natura
230 590 378 650 editurum
406 609 471 651 esse
499 590 669 671 dupliciter,
696 598 729 652 ut
756 591 847 651 altera
874 591 964 651 editio
989 598 1102 652 textum

99 678 252 740 exhiberet
283 681 493 739 commentario
525 682 715 760 instructum,
750 679 841 739 altera
871 698 992 760 purum,
1023 697 1102 740 nunc

99 768 218 827 demum
240 769 381 845 promissi
404 777 517 845 partem
537 765 705 846 praestem?
742 768 820 846 quod
844 770 870 827 si
888 770 954 846 quis
973 775 1104 847 quaerat,

99 855 293 934 respondeam
314 855 383 915 inde
401 855 457 914 hoc
475 856 584 916 iactum
603 874 678 937 esse,
701 857 779 934 quod
799 874 856 934 quo
875 858 985 915 maiore
1005 856 1103 916 studio

99 942 135 1004 ad
167 946 317 1021 negotium
350 951 519 1022 susceptum
547 962 595 1004 me
623 944 735 1025 darem,
769 962 804 1004 1ο
831 947 942 1004 maiora
970 950 999 1003 et
1026 944 1102 1003 dilii-

99 1031 202 1092 ciliora
228 1032 302 1092 mihi
329 1035 524 1112 occurrerint,
553 1030 660 1111 quibus
687 1051 746 1093 non
774 1039 841 1092 ante
863 1033 1049 1110 perpurgatis
1072 1032 1102 1091 id

100 1120 177 1199 quod
214 1119 352 1180 deberem
389 1127 538 1198 praestare
575 1139 633 1180 non
670 1138 798 1200 possem.
847 1138 920 1199 quae
952 1138 1021 1179 vero
1053 1119 1103 1179 illa

99 1209 222 1288 fuerint,
253 1226 321 1268 mox
353 1208 567 1269 demonstrabo.
617 1226 695 1268 nunc
727 1210 764 1269 de
791 1210 866 1268 meis
893 1207 1104 1287 scriptionibus

100 1295 255 1357 absolvam.
306 1314 360 1374 ego
392 1316 460 1357 cum
491 1295 778 1375 duodequadraginta
809 1315 863 1376 per
894 1314 986 1356 annos
1019 1305 1103 1374 quot-

101 1387 185 1444 annis
217 1384 253 1443 ad
281 1383 451 1444 Lucretium
482 1384 637 1463 legendum
666 1394 832 1445 reverterer
860 1390 889 1445 et
914 1392 1101 1463 perscrutan-

101 1472 180 1552 dum,
199 1475 231 1532 in
249 1471 399 1550 prioribus
418 1479 556 1550 quattuor
573 1472 657 1533 libris
677 1491 751 1551 quae
764 1475 873 1553 inveni,
891 1475 1105 1533 communicari

101 1579 168 1621 cum
195 1559 352 1619 Francisco
383 1560 573 1641 Susamiblio,
604 1563 667 1621 viro
700 1567 730 1621 et
757 1561 793 1621 de
818 1560 950 1621 Lucreti.
964 1563 1104 1621 carminis

101 1648 305 1709 emendatione
332 1654 362 1707 et
389 1647 582 1727 explicatione
610 1656 640 1709 et
666 1649 702 1709 de
730 1651 805 1708 meis
830 1651 862 1709 in
884 1667 918 1708 ea
940 1667 973 1709 re
997 1649 1104 1709 studiis

102 1739 212 1815 optime
230 1738 344 1795 merito.
382 1738 442 1816 qui,
460 1737 538 1814 quod
557 1743 680 1815 uterque
699 1744 834 1797 nostrum
848 1739 976 1817 scripsit,
994 1740 1103 1797 utrius·

102 1843 158 1904 que
191 1827 309 1884 nomine
342 1823 508 1903 subscripto
540 1824 632 1885 edidit
663 1827 695 1885 in
725 1825 771 1884 his
803 1823 973 1903 philolologi
1001 1828 1104 1885 tomis:

100 1912 164 1973 XIV
192 1907 383 1974 550—567.
432 1911 525 1972 XXIII
553 1909 751 1993 455-472,
775 1909 966 1976 623-643.
1015 1912 1105 1972 XXIV

101 1996 294 2061 422-453.
348 1998 438 2059 XXIV
474 1998 622 2062 67-91.
674 2000 777 2060 XXVII
811 1996 958 2063 28-57.
1012 2000 1105 2061 XXIX

101 2085 286 2150 417-447.
322 2087 427 2148 XXXII
444 2085 628 2151 478—489.
664 2089 783 2149 XXXIII
799 2085 983 2151 431-448.
1026 2089 1105 2149 idem

102 2195 156 2255 ego
189 2177 257 2237 inde
290 2175 325 2236 ab
355 2194 431 2236 anno
460 2173 545 2239 1873
572 2196 666 2255 usque
693 2178 730 2238 ad
757 2196 866 2238 annum
894 2174 979 2239 1889
1007 2180 1106 2237 omnia

103 2282 294 2344 quaecunque
322 2264 358 2325 de
381 2264 501 2325 Lucreti
528 2268 586 2325 vita
608 2268 727 2344 ingenio
750 2266 892 2346 doctrina,
914 2265 950 2325 de
974 2269 1106 2325 carmine

103 2356 166 2414 eius
189 2353 235 2413 vel
258 2353 439 2413 emendando
462 2352 508 2413 vel
530 2355 760 2435 interpretando,
783 2354 819 2414 de
842 2371 978 2413 sermone
996 2353 1105 2413 Lucre-

102 2443 182 2501 tiano
210 2448 297 2519 atque
325 2441 361 2501 de
390 2443 461 2500 artis
488 2444 627 2502 metricae
654 2441 768 2520 legibus
797 2460 870 2520 quas
896 2441 1065 2521 probaverit
1090 2461 1107 2501 a

102 2531 174 2589 viris
193 2529 287 2588 doctis
306 2529 453 2606 disputata
472 2536 549 2610 sunt,
568 2548 642 2607 quae
661 2530 780 2609 quidem
795 2532 936 2608 consequi
949 2531 1108 2609 potuerim,

103 2619 241 2677 recensui
268 2618 300 2675 in
327 2615 481 2676 annalibus
503 2617 695 2678 Lucretianis.
740 2636 798 2696 quo
823 2620 855 2678 in
877 2619 995 2696 negotio
1017 2617 1107 2678 habui

105 2705 183 2783 quod
215 2721 357 2782 sequerer
383 2703 565 2765 luculentum
591 2704 736 2766 Friderici
761 2704 848 2767 Pollii
862 2705 1023 2786 exemplar,
1056 2708 1108 2783 qui

103 2794 133 2852 in
152 2791 252 2871 philol.
266 2798 287 2852 t.
301 2791 378 2851 XXV
390 2788 567 2854 480—530
581 2800 611 2853 et
624 2793 714 2854 XXVI
730 2790 913 2874 294-345,
932 2790 1108 2857 524-565

104 2898 155 2940 eos
186 2879 301 2940 libellos
334 2887 364 2940 et
395 2880 618 2942 dissertationes
645 2885 796 2944 recensuit
823 2901 938 2963 omnes,
970 2900 1043 2960 quae
1071 2881 1108 2941 ad

103 2968 277 3029 Lucretiana
306 2968 401 3029 studia
426 2971 609 3047 pertinentes
632 2971 701 3032 inde
724 2971 759 3032 ab
783 2972 963 3032 Lachmanni
985 2976 1015 3030 et
1037 2969 1108 3029 Ber-

104 3059 199 3136 naysii
221 3056 400 3117 editionibus
423 3075 517 3136 usque
541 3059 577 3118 ad
600 3077 709 3120 annum
729 3057 813 3123 1866
832 3059 1010 3139 prodierant
1052 3076 1109 3136 qua

104 3147 136 3205 in
167 3147 340 3205 recensione
373 3163 486 3205 summa
518 3146 682 3228 diligentia,
713 3166 829 3208 summo
855 3147 968 3227 labore,
996 3164 1110 3206 summa

104 3233 232 3312 denique
260 3233 363 3294 iudicii
391 3235 515 3295 sanitate
537 3253 601 3294 rem
624 3237 665 3295 ita
688 3238 791 3315 gessit,
817 3242 850 3295 ut
872 3238 1039 3314 quicunque
1063 3234 1110 3293 his

105 3322 217 3394 studiis¹
245 3340 276 3381 se
309 3320 466 3401 dederunt,
497 3321 658 3402 plurimum
690 3341 722 3383 se
751 3325 779 3383 ei
806 3323 914 3383 debere
942 3325 1110 3401 gratissimo

104 3411 299 3470 confiteantur
322 3412 427 3470 animo.

179 3497 253 3568 Ipse
280 3515 349 3556 roro
372 3516 440 3558 cum
457 3516 517 3578 per
534 3506 595 3560 tam
613 3498 733 3578 longum
750 3499 883 3560 mortalis
902 3501 966 3559 aeri
984 3499 1112 3577 spatium
