2430 3878
211 182 289 239 XXII
572 184 853 241 PROLEGOMENA.

210 329 299 392 babet
325 331 372 392 his
395 333 426 393 in
448 331 521 393 locis
543 331 584 392 III
605 327 779 394 odo-549
804 351 866 411 sqq.
911 334 941 394 el
960 330 1107 410 quondum
1133 362 1134 366 =
1168 357 1173 367 ¹

210 416 1177 499 estbommasposrsuoo...oelutouras...ctque·aliiseas

211 553 219 569 .
234 556 241 569 .
256 554 263 569 .
281 505 337 587 qod
346 504 521 586 puberucct
534 541 574 552 -
589 510 618 569 et
638 504 731 569 ocbltt'
748 524 866 570 mactus
878 515 934 569 etc.
1005 525 1068 570 ocu
1074 510 1214 587 possum,

210 593 256 657 et‘c
283 594 410 657 domums
440 613 506 658 nort
529 593 608 676 quid,
639 594 691 656 ubi
722 596 928 657 anacolutbum
953 599 1088 675 positum.
1110 605 1156 657 est
1182 599 1214 656 in

211 683 313 744 vocula
331 685 362 746 el
377 683 471 745 altera
487 691 517 744 ot
533 687 565 744 in
584 685 707 744 nomina
721 681 853 746 cadmus.
891 686 967 745 mma
984 687 1214 746 constructionis

210 771 394 852 perturbatio
409 774 558 832 sententia
567 779 666 833 tamen
680 774 752 832 satis
762 773 918 850 perspicua
928 769 1214 854 asarubas-439,

212 878 300 939 quem
327 859 430 920 locum.
452 862 584 939 corrupit
606 858 810 920 Lachmannus
836 879 895 921 una
920 860 1024 921 rocula
1050 868 1200 922 mutatae

210 947 328 1010 duobus
361 948 496 1009 versibus
529 947 664 1028 abiectis,
695 950 780 1026 peius
812 950 900 1009 etiam
930 947 1040 1009 Pollius
1072 949 1108 1009 de
1147 990 1150 999 .
1203 974 1210 1003 2

210 1036 311 1097 vocab.
339 1055 366 1116 p
394 1033 437 1098 52
463 1055 529 1140 sqq.
557 1043 696 1116 quattuor
728 1039 846 1115 optimis
876 1035 1010 1097 versibus
1038 1037 1201 1140 exturbatis

211 1125 290 1204 quod
322 1132 430 1204 quanta
461 1126 570 1186 iniuria
600 1125 651 1185 dat
678 1131 713 1185 ut
735 1131 885 1205 appareat,
917 1126 975 1185 iam
1002 1125 1154 1185 docebo
1201 1149 1207 1178 a

210 1213 338 1274 voluerit
358 1213 514 1274 Lucretius
542 1213 672 1292 quidque
699 1214 730 1273 ei
754 1213 902 1273 acciderit.
948 1212 984 1273 ab
1008 1231 1043 1273 eo
1066 1212 1146 1292 quod
1168 1231 1214 1273 es¹

204 1298 363 1380 mordico
393 1299 540 1380 quomam
572 1301 730 1361 exordiens
761 1308 847 1379 poeta
878 1301 909 1361 id
941 1303 1014 1379 agit,
1045 1309 1078 1361 ut
1109 1301 1215 1362 docea

211 1392 338 1450 animam
370 1397 452 1450 extra
484 1407 591 1467 corpus
623 1391 746 1449 eiectam
778 1387 916 1450 facillime
945 1388 1065 1449 dissolvi
1092 1395 1197 1469 propte

210 1480 387 1538 tenuitatem
400 1495 522 1538 necesse
536 1495 602 1537 esse
616 1509 663 1522 -
674 1477 710 1537 cl.
725 1476 839 1536 &mem
853 1475 952 1555 philol.
967 1475 1085 1539 XXXIII
1098 1473 1144 1538 42
1156 1510 1201 1520 -

211 1565 264 1625 sed
295 1572 363 1625 anto
395 1583 482 1644 quam
511 1564 583 1643 quid
612 1583 648 1625 er
677 1571 841 1624 atomorum
868 1567 994 1626 animam
1021 1565 1164 1626 efficienti
1181 1591 1208 1619 as

210 1655 352 1732 parvitate
376 1659 518 1732 sequatur
540 1652 623 1733 dicit,
644 1654 676 1734 in
698 1654 829 1712 ιιιὶιιιιιιιι
851 1654 880 1712 ei
903 1655 983 1714 venit
1002 1671 1076 1732 opus
1095 1671 1161 1714 esse
1180 1673 1200 1713 u

211 1741 323 1822 doceat,
346 1759 432 1820 quam
457 1740 493 1800 ob
517 1758 582 1800 rem
604 1743 648 1800 eis
666 1747 776 1801 tanum
794 1743 970 1819 parvitatem·
986 1741 1109 1801 tribuat:
1133 1741 1215 1802 addi

211 1831 303 1908 igitur
325 1847 452 1909 causam,
475 1846 543 1889 oum
566 1827 669 1889 scribit
690 1845 766 1889 naon
789 1823 865 1911 (Lm.
887 1820 968 1911 iam)
992 1825 1078 1908 loom
1094 1827 1202 1890 mobil'

211 1919 271 1979 tute
295 1918 438 1996 praestat
466 1918 497 1978 ct
590 1917 735 1978 omrem
784 1919 844 1976 iam
874 1935 944 1977 varo
978 1920 1066 1978 etiam
1097 1917 1153 1978 hoc
1193 1942 1196 1953 ·

210 2005 444 2066 confirmandum
457 2004 581 2084 videtur,
591 2023 626 2064 re
638 2023 705 2064 vera
720 2007 850 2064 animum
863 2007 938 2064 mire
951 2005 1091 2066 mobilem
1104 2012 1206 2066 extare

211 2093 316 2154 scribit
342 2095 433 2172 igitur
458 2092 531 2153 illud
555 2090 665 2170 quippe
687 2089 740 2153 obi
761 2089 950 2172 imopimbus
970 2091 1054 2172 fumi
1074 2090 1202 2156 nebulae

210 2199 268 2261 (με
289 2183 430 2243 movetur.
467 2183 513 2241 vix
538 2188 635 2241 autem
657 2180 714 2240 boc
734 2183 903 2262 scripserat,
926 2200 993 2242 cum
1012 2184 1041 2242 oi
1059 2185 1207 2242 succurrit

211 2269 328 2350 lectori,
365 2273 472 2349 quippe
509 2271 561 2348 qui
597 2269 633 2328 da
670 2268 835 2330 simulacris
867 2272 997 2330 animum
1028 2269 1211 2330 moventib

211 2358 342 2419 nondum
366 2357 509 2437 audisset,
532 2375 591 2419 non
614 2374 668 2436 per
691 2375 723 2417 se
745 2359 937 2436 perspicuum
954 2358 1026 2437 iore,
1049 2358 1165 2436 quando
1184 2377 1215 2418 e·

212 2446 358 2526 quomodo
377 2447 492 2506 animus
510 2444 569 2505 illis
586 2445 762 2522 imaginibus
776 2452 951 2505 moveretur.
985 2446 1111 2507 subiecit
1125 2448 1178 2525 igit

211 2533 261 2594 illa
282 2531 363 2613 qood
380 2549 485 2612 yetus,
506 2529 543 2593 io
563 2530 680 2594 succis
696 2530 789 2615 sopiti
805 2529 860 2593 ubi
877 2530 1029 2595 mammos
1047 2531 1107 2596 ulte
1124 2551 1163 2596 ec
1187 2559 1195 2588 r

211 2616 277 2683 latre
298 2638 442 2700 cuperem
461 2616 579 2682 duria
596 2628 652 2681 etc.
692 2624 741 2682 cui
764 2621 885 2701 addidit,
907 2640 976 2682 cum
992 2622 1040 2682 bic
1058 2641 1122 2683 rem
1140 2641 1202 2684 non

212 2710 285 2770 dum.
309 2716 409 2788 posset
436 2709 651 2790 demonstrare,
679 2726 756 2770 rrum
776 2705 887 2788 procul
912 2706 985 2771 blac
1010 2707 1101 2772 dublo
1155 2735 1180 2765 ti
1207 2736 1215 2753 .

210 2793 379 2860 romulum
393 2798 550 2876 amentur.
587 2799 630 2857 sic
648 2815 716 2857 cum
734 2796 905 2876 longissime
924 2801 1009 2879 avia,
1028 2817 1115 2877 quam
1129 2801 1209 2859 initi

210 2888 366 2964 ingressus
392 2893 467 2966 erat,
495 2885 674 2966 aberrasset,
700 2903 764 2946 rem
787 2888 920 2946 sentiens
942 2886 1040 2946 denuo
1062 2886 1177 2947 exordii

210 2973 335 3053 abrupta
366 2973 524 3034 verborum
555 2976 784 3054 constructione,
816 2974 868 3034 sed
900 2976 953 3055 ita,
990 2981 1025 3034 ut
1051 2977 1215 3035 sententia

210 3064 282 3122 satis
314 3063 376 3122 fiat:
413 3061 517 3122 scribit
546 3079 629 3123 conc
656 3059 753 3141 ἱρέων
779 3058 926 3139 quostiam
953 3069 1008 3123 cet.
1055 3063 1107 3123 sed
1135 3070 1202 3124 exta

210 3152 440 3211 continuationis
462 3156 496 3210 nt
517 3149 606 3209 simili
624 3149 710 3209 modo
730 3152 914 3228 interruptae
930 3152 971 3210 ita
990 3149 1081 3211 multo
1102 3151 1201 3230 simpli

210 3241 300 3299 cioris
332 3237 511 3318 exemplum,
543 3255 579 3298 ax
611 3256 670 3316 quo
699 3237 778 3298 undo
809 3237 879 3298 talia
911 3246 975 3298 orta
1007 3241 1066 3300 sint
1097 3239 1211 3300 iaciliu

209 3329 414 3406 perspiciatur.
459 3324 478 3386 l.
505 3324 542 3385 IV
569 3343 594 3384 v.
620 3321 683 3386 135
711 3343 779 3385 cum
805 3333 891 3404 poeta
918 3328 1080 3388 instituerit
1107 3328 1215 3388 docos

210 3433 298 3493 quam
312 3417 396 3475 tenui
409 3421 513 3474 natura
528 3420 677 3474 constaret
689 3415 795 3493 imago,
809 3415 853 3474 sic
867 3414 1031 3475 exorditur:
1049 3413 1206 3494 imprimis

194 3499 353 3576 quondm
363 3499 548 3580 primordia
565 3503 687 3563 motum
702 3501 777 3562 saut
793 3498 881 3580 iufra
896 3503 1016 3564 nocuos
1032 3519 1140 3566 soors
1157 3538 1203 3548 -
