2430 3878
573 195 601 249 H

148 359 220 401 nam
243 359 330 420 saepe
353 342 385 402 in
408 341 477 402 colli
499 342 656 403 tondentes
677 342 784 423 pabula
806 344 882 406 laeta

151 429 299 508 lanigerae
322 436 440 508 reptant
461 431 590 509 pecudes
615 449 672 510 quo
697 450 842 512 quamque
866 442 1004 495 vocantes

151 520 277 579 invitant
292 516 408 584 ,herbae
431 525 612 596 gemmantes
636 538 704 580 rore
727 524 854 603 recenti,

63 613 131 664 820
152 614 183 667 et
205 608 303 675 satiati
325 608 393 685 agni
415 605 521 667 ludunt
543 607 707 688 blandeque
731 619 900 692 coruscant3

152 696 250 755 omnia
273 713 347 774 quae
369 694 456 756 nobis
478 696 564 774 longe
588 698 709 759 confusa
731 699 869 760 ridentur

153 791 184 844 et
205 782 284 844 velut
306 784 338 843 in
360 783 449 844 viridi
472 784 582 846 candor
604 788 767 846 consistere
790 787 866 848 colli.

152 878 305 952 praeterea
328 890 450 950 magnae
473 872 604 951 legiones
628 892 694 935 cum
717 873 781 935 loca
804 894 893 937 cursu

153 977 323 1040 camporum
347 960 496 1039 complent
517 961 589 1022 belli
611 962 767 1023 simulacra
790 966 915 1043 cientes,

73 1055 134 1104 325
152 1049 250 1128 fulgor
271 1048 314 1108 ibi
336 1049 372 1109 ad
396 1048 510 1109 caelum
533 1068 565 1110 se
588 1049 676 1131 tollit,
699 1057 818 1130 totaque
842 1055 955 1113 circum

153 1156 221 1198 aere
244 1137 405 1198 renidescit
427 1137 529 1218 tellus,
553 1146 713 1218 supterque
736 1141 833 1199 virum
855 1143 885 1200 vi

153 1228 269 1286 excitur
290 1225 416 1304 pedihus
439 1228 567 1307 sonitus,
591 1226 776 1307 clamoreque
799 1236 914 1289 montes

153 1315 207 1374 icti
228 1316 372 1374 reiectant
393 1332 481 1374 voces
503 1314 539 1375 ad
563 1315 660 1375 sidera
682 1316 798 1396 mundi,

154 1410 185 1464 et
206 1405 319 1463 circum
341 1394 463 1462 volitan‘t
486 1405 601 1481 equites
623 1404 795 1484 mediosque
818 1411 941 1484 repente

74 1498 134 1549 330
153 1493 320 1552 tramittunt
342 1490 438 1551 valido
462 1493 627 1569 quatientes
650 1495 760 1572 impete
783 1512 916 1572 campos:

154 1587 305 1640 ettamen
328 1579 515 1658 estquidam
537 1580 620 1640 locus
643 1580 709 1642 altis
732 1581 895 1662 montibus,
919 1577 1001 1643 uode

154 1676 232 1729 stare
256 1668 393 1728 videntur
416 1675 446 1728 et
467 1670 499 1728 in
522 1671 633 1747 campis
656 1671 819 1731 consistere
843 1669 947 1748 fulgor.

198 1757 283 1818 Nunc
309 1774 375 1836 age,
402 1757 461 1816 iam
484 1756 624 1836 deinceps
650 1765 822 1819 cunctarum
845 1759 965 1820 exordia
987 1775 1088 1818 rerum

155 1845 251 1925 qualia
273 1847 334 1905 sint
356 1852 387 1904 et
409 1863 496 1923 quam
519 1844 605 1923 longe
628 1844 766 1907 distantia
788 1848 892 1907 formis

79 1942 135 1994 335
154 1936 288 2015 percipe,
310 1933 482 2011 multigenis
505 1952 592 2012 quam
616 1937 675 1995 sint
697 1937 806 1996 variata
829 1937 945 2016 liguris3

154 2041 214 2084 non
238 2041 296 2102 quo
319 2021 411 2082 multa
432 2039 537 2100 parum
560 2022 650 2083 simili
673 2025 733 2083 sint
753 2024 887 2103 praedita
910 2025 1039 2103 torma„

155 2112 207 2173 sed
231 2113 381 2190 quianon
404 2109 488 2188 volgo
510 2113 593 2189 paria
615 2110 752 2172 omnibus
776 2115 874 2172 omnia
897 2117 1039 2172 constant.

154 2219 211 2262 nec
233 2202 355 2261 mirum:
378 2217 446 2259 nam
470 2216 537 2258 cum
560 2201 600 2259 sit
622 2218 724 2260 eorum
747 2202 831 2279 copia
853 2207 945 2279 tanta,

154 2297 189 2351 ut
209 2307 306 2368 neque
329 2289 411 2367 tinia,
433 2289 478 2347 uti
500 2287 602 2367 docui,
624 2306 720 2366 neque
744 2306 858 2348 summa
881 2290 920 2347 sit
942 2286 1014 2368 ulla,

82 2386 137 2436 340
155 2377 277 2458 debent,
298 2379 453 2456 nimirum,
475 2393 535 2437 non
558 2375 693 2437 omnibus
717 2378 815 2436 omnia
837 2393 974 2455 prorsum

155 2484 222 2528 esse
244 2468 311 2546 pari
332 2465 381 2526 filo
405 2464 554 2543 similique
577 2464 690 2525 adlecta
712 2465 814 2542 figura.

155 2561 310 2634 praeterea
332 2572 426 2634 genus
448 2554 609 2614 humanum
630 2559 787 2632 mutaeque
810 2559 944 2614 natantes

156 2646 376 2723 squamigerum
399 2642 528 2722 pecudes
552 2649 581 2702 et
602 2642 678 2701 laeta
700 2648 833 2702 armenta
854 2642 1006 2723 seraeque,

157 2739 188 2794 et
208 2734 305 2792 variae
329 2732 476 2811 volucreS,
499 2729 635 2790 laetantia
659 2749 733 2809 quae
755 2729 820 2791 loca
843 2748 984 2809 aquarum

83 2828 137 2880 345
156 2820 365 2881 concelebrant
386 2822 499 2881 circum
520 2821 600 2897 ripas
623 2819 772 2898 fontisque
794 2818 947 2897 lacusque,

157 2916 188 2970 et
210 2927 284 2988 qnae
307 2907 479 2988 pervolgant
500 2924 621 2967 nemora
644 2910 707 2968 avia
729 2906 938 2986 pervolitantes
959 2938 1002 2949 -

157 3015 284 3077 quorum
305 3015 398 3058 nnum
422 2995 537 3075 quidvis
560 2997 722 3074 generatim
745 3013 863 3055 sumere
885 3011 990 3073 perge:

157 3088 290 3146 invenies
311 3093 411 3146 tamen
433 3087 512 3144 inter
534 3101 567 3143 se
590 3083 709 3143 differre
733 3083 843 3161 figuris.

156 3193 213 3237 neo
234 3176 349 3235 ratione
372 3173 428 3234 alia
450 3171 549 3252 proles
573 3189 750 3251 cognoscere
773 3178 898 3231 matrem

83 3271 138 3324 350
156 3282 213 3325 nec
234 3269 329 3325 mater
350 3269 453 3342 posset
473 3259 600 3342 prolem;
624 3259 702 3339 quod
724 3277 812 3338 posse
834 3259 967 3320 videmus

157 3371 213 3413 nec
234 3354 334 3412 minus
356 3357 443 3430 atque
466 3350 601 3410 homines
623 3351 703 3410 inter
725 3366 757 3408 sc
776 3353 845 3407 nota
868 3348 976 3408 cluere.

157 3459 227 3502 nam
248 3458 335 3519 saepe
358 3446 426 3500 ante
449 3439 537 3499 deum
560 3436 667 3497 vitulus
691 3435 813 3496 delubra
835 3436 942 3497 decora

157 3531 333 3590 turicremas
353 3535 477 3610 propter
498 3532 646 3589 mactatus
667 3525 800 3588 concidit
818 3543 908 3604 aras,

758 3788 777 3825 lu
