2430 3878
96 157 142 222 34
584 155 610 210 Π

97 314 132 364 so
150 323 210 366 non
232 304 308 365 radii
331 302 402 364 solis
424 321 521 382 neque
544 302 642 364 lucida
665 302 723 365 tela
745 303 806 373 diei

151 394 322 472 discutiant,
345 392 397 452 sed
420 400 541 452 naturae
566 394 679 470 species
700 393 846 470 ratioque

195 480 280 541 Nunc
303 498 369 560 age,
393 498 450 559 quo
473 487 554 540 motu
578 479 716 558 genitalia
738 481 873 540 materiai

153 586 275 647 corpora
298 587 346 628 res
369 570 464 627 varias
488 570 608 646 gignant
630 570 802 647 genitasque
824 567 990 651 resolvant,

152 664 182 717 et
204 674 261 736 qua
283 658 313 716 vi
335 656 430 716 facere
453 655 484 715 id
508 661 661 736 cogantur,
685 674 817 735 quaeque
841 658 881 716 sit
903 656 971 719 ollis

99 754 132 803 65
151 744 265 804 reddita
287 743 435 804 mobilitas
458 762 597 822 magnum
618 763 673 823 per
695 747 783 804 inane
805 744 937 827 meandi,

152 833 319 911 expediam:
342 837 426 892 tute
450 832 537 892 dictis
560 832 702 911 praebere
725 838 882 893 memento.

151 939 219 981 nam
242 927 322 981 certe
344 938 405 981 non
427 922 504 981 inter
527 939 560 981 11
583 923 689 999 stipata
712 920 849 981 cohaeret

151 1011 303 1088 materies,
327 1010 466 1087 quoniam
488 1010 584 1069 minui
605 1026 669 1069 rem
692 1026 837 1088 quamque
860 1009 1011 1090 videmus,

151 1105 182 1157 et
204 1099 289 1176 quasi
311 1096 470 1176 longinquo
494 1097 585 1158 fluere
609 1099 707 1157 omnia
730 1099 879 1158 cernimus
902 1115 973 1158 aevo

100 1194 188 1245 10111
212 1185 363 1265 oculisque
386 1192 562 1246 vetustatem
586 1184 750 1246 subducere
773 1187 898 1265 uostris,

152 1291 218 1334 cum
242 1280 340 1334 tamen
362 1274 519 1334 incolumis
542 1273 675 1333 videatur
698 1290 812 1333 summa
834 1291 955 1334 manere

152 1370 309 1441 propterea
332 1365 413 1441 quia,
437 1379 510 1440 quae
533 1360 680 1421 decedunt
703 1379 827 1440 corpora
850 1363 971 1443 cuique,

152 1449 231 1510 unde
254 1449 362 1509 absum
384 1452 533 1529 minuunt,
556 1466 614 1528 quo
637 1467 744 1509 venere
768 1451 904 1527 augmine
928 1450 1050 1512 donant.

153 1537 203 1597 illa
226 1555 380 1597 senescere
403 1544 432 1597 at
454 1536 527 1597 haec
549 1544 651 1597 contra
674 1537 831 1598 florescere
854 1545 976 1620 cogrmt,

100 1634 209 1685 11111
232 1631 417 1685 remorantur
440 1624 489 1685 ibi.
526 1627 569 1685 sic
591 1644 692 1686 rerum
716 1643 829 1686 summa
851 1635 976 1688 novatur

154 1731 284 1792 semper,
307 1719 337 1772 11
358 1715 436 1772 inter
459 1731 491 1773 se
514 1713 653 1774 mortales
676 1721 777 1774 mutua
800 1715 908 1774 vivunt.

154 1808 315 1879 augescunt
337 1801 410 1861 aliae
433 1808 549 1881 gentes,
572 1802 644 1861 aliae
667 1805 853 1882 minuuntur,

154 1892 244 1968 inque
266 1887 351 1949 brevi
372 1892 466 1968 spatio
489 1895 640 1950 mutantur
663 1890 757 1951 saecla
775 1893 961 1952 animantum

154 1984 183 2037 11
206 1979 290 2056 quasi
312 1995 449 2038 cursores
474 1979 542 2037 vitai
564 1976 696 2057 lampada
718 1978 846 2038 tradunt.

99 2074 132 2122 80
198 2065 231 2125 Si
253 2083 369 2125 cessare
392 2072 478 2144 putas
500 2083 601 2125 rerum
623 2066 783 2145 primordia
805 2084 893 2145 posse

154 2153 355 2232 cessandoque
377 2172 468 2213 novos
491 2166 592 2214 rerum
614 2156 790 2233 progignere
812 2160 925 2235 111111,

153 2243 235 2302 avius
258 2260 275 2302 a
296 2261 365 2302 vera
387 2242 473 2320 longe
495 2243 609 2302 ratione
632 2245 754 2320 vagaris.

153 2349 221 2391 uam
245 2333 383 2410 quoniam
405 2333 567 2410 perinane
590 2336 744 2410 vagantur,
767 2337 872 2392 cuncta
893 2339 1049 2393 necessest

154 2426 204 2479 aut
226 2421 366 2495 gravitate
389 2437 441 2478 sua
464 2419 536 2478 ferri
558 2418 719 2497 primordia
740 2437 853 2499 rerum,

100 2515 133 2564 85
153 2514 204 2566 aut
225 2507 286 2566 ictu
309 2506 384 2565 11111
407 2505 535 2566 11111111.
572 2524 640 2566 nam
663 2523 732 2567 cum
754 2509 812 2567 cita
834 2525 922 2586 saepe

153 2593 237 2652 obvia
260 2593 431 2673 conflixere,
454 2594 487 2653 fit
510 2601 542 2653 ut
565 2593 680 2654 diversa
703 2602 825 2674 repente

154 2679 312 2761 dissiliant3
334 2698 430 2758 neque
454 2683 532 2741 euim
555 2684 676 2762 mirum,
699 2682 858 2743 durissima
875 2701 954 2762 quae
977 2686 1040 2745 1111

152 2767 333 2848 ponderibus
357 2768 458 2828 solidis
482 2788 577 2848 neque
601 2773 758 2850 quicquam
777 2790 793 2831 a
811 2777 893 2849 tergo
912 2771 979 2833 ibus
998 2771 1109 2835 obstet.

153 2863 182 2916 11
205 2874 262 2936 quo
286 2859 390 2918 iactari
411 2860 504 2935 magis
528 2859 625 2917 omnia
647 2861 782 2918 materiai

99 2953 133 3001 90
153 2963 276 3024 corpora
297 2945 465 3026 pervideas,
488 2948 679 3008 reminiscere
701 2949 794 3008 totius
817 2950 909 3008 imum

152 3033 195 3094 nil
218 3051 283 3094 esse
306 3036 338 3094 in
361 3052 488 3116 summa,
510 3053 606 3114 neque
629 3035 738 3097 habere
761 3035 812 3096 ubi
835 3054 958 3114 corpora
980 3038 1077 3116 prima

153 3124 327 3203 consistant3
351 3125 489 3201 quoniam
511 3125 639 3202 spatium
663 3126 727 3184 sine
746 3125 808 3185 'fine
831 3124 1021 3208 modoquest,

71 3277 73 3283 ¹
152 3211 378 3289 inmensumque
401 3219 502 3290 patere
525 3213 556 3270 in
580 3218 699 3271 cunctas
722 3212 853 3291 undique
875 3215 969 3291 partis

72 3291 73 3295 ’
151 3297 286 3377 pluribus
310 3299 426 3358 ostendi
449 3307 479 3359 11
502 3305 582 3358 certa
604 3302 717 3359 ratione
740 3300 932 3379 probatumst.

98 3394 133 3444 91
153 3385 230 3465 quod
255 3388 392 3464 quoniam
416 3392 542 3465 constat,
565 3388 718 3469 nimirum,
741 3389 820 3449 nulla
843 3391 928 3468 quies
952 3399 999 3453 est

149 3474 268 3535 reddita
291 3474 464 3554 corporibus
486 3476 591 3553 primis
614 3479 777 3554 perinane
800 3479 994 3562 profundum,
