2430 3878
380 880 672 966 1111311311
705 880 829 987 olm

241 1033 333 1131 nu
377 1032 629 1132 1311111111
674 1034 969 1181 urruns

440 1205 573 1272 LIBER
596 1204 772 1274 SEXTUS.

550 1362 656 1377 —h———fl

155 1493 270 1554 Primae
293 1493 460 1571 frugiparos
482 1492 560 1554 fetus
582 1492 756 1554 mortalibus
778 1494 874 1572 aegris

155 1582 325 1642 dididerunt
349 1581 495 1658 quondam
516 1581 668 1660 praeclaro
691 1584 808 1642 nomine
831 1581 961 1643 Athenae

155 1677 185 1730 et
206 1675 414 1730 recreaverunt
435 1671 525 1729 vitam
547 1669 686 1749 legesque
709 1677 863 1752 rogarunt,

154 1769 184 1817 31
205 1760 317 1836 primae
341 1757 486 1817 dederunt
509 1757 616 1818 solacia
639 1757 735 1818 dulcia
757 1761 846 1839 vitae,

117 1861 220 1910 scum
243 1862 372 1924 genuere
394 1847 490 1905 virum
513 1845 565 1904 tali
588 1863 655 1906 cum
679 1846 766 1906 corde
789 1853 953 1928 repertum,

155 1935 252 1993 omnia
273 1933 403 1993 veridico
428 1935 479 2011 qui
501 1932 647 2010 quondam
670 1951 706 1993 31
729 1951 780 1994 313
800 1934 943 2015 proludit3

154 2024 251 2101 cuim,
275 2028 305 2081 et
328 2023 462 2100 extincti,
484 2028 605 2099 propter
628 2021 726 2081 divina
747 2027 865 2099 reperta

154 2109 297 2188 divolgata
319 2116 404 2169 vetus
426 2111 485 2168 iam
508 2109 543 2169 ad
567 2109 681 2169 caelum
703 2108 795 2187 gloria
817 2108 919 2168 lertur.

153 2215 220 2257 nam
244 2215 310 2257 cum
333 2197 406 2256 vidit
426 2196 475 2256 hic
498 2197 534 2257 ad
557 2199 665 2257 victum
690 2215 763 2274 quae
787 2195 896 2274 flagitat
918 2214 991 2257 usus

101 2301 135 2351 10
154 2287 251 2345 omnia
273 2287 332 2344 iam
354 2285 447 2344 ferme
469 2283 643 2345 mortalibus
665 2303 731 2344 esse
753 2291 867 2365 parata,

139 2380 195 2453 et,
217 2391 360 2452 proquam
383 2379 496 2452 posset,
518 2374 607 2432 vitam
630 2373 792 2433 consistere
814 2379 921 2454 tutam,

153 2462 263 2521 divitiis
285 2461 421 2521 homines
444 2467 474 2520 et
494 2460 606 2520 honore
630 2467 660 2520 et
681 2459 767 2520 laude
790 2463 919 2539 potentis

154 2549 274 2610 affluere
297 2556 384 2627 atque
407 2548 483 2608 bona
506 2555 661 2627 gnatorum
684 2548 828 2609 excellere
851 2549 940 2629 fama,

153 2655 208 2698 nec
230 2640 328 2697 minus
352 2655 418 2697 esse
441 2637 521 2697 domi
544 2639 680 2716 cuiquam
702 2642 801 2697 tamen
824 2639 909 2696 anxia
932 2635 1034 2718 corda,

100 2741 133 2792 15
152 2732 238 2804 atque
262 2728 353 2785 animi
374 2727 497 2803 ingratis
519 2727 608 2785 vitam
630 2743 736 2785 vexare
758 2722 826 2786 siue
846 2720 913 2784 cllo

151 2832 241 2892 pausa
265 2820 351 2891 atque
374 2812 490 2872 infestis
514 2816 579 2891 cogi
601 2815 713 2872 saevire
738 2811 890 2892 querellis,

151 2901 295 2980 intellegit
317 2900 359 2961 ihi
381 2903 485 2961 vitium
507 2919 557 2961 vas
581 2901 697 2960 efficere
721 2902 832 2981 ipsum,

152 2992 306 3068 omniaque
329 2989 409 3049 illius
432 2991 502 3049 vitio
526 2990 710 3066 corrumpier
731 2990 825 3068 intus,

152 3097 225 3157 quae
249 3077 362 3138 conlata
384 3076 469 3156 soris,
493 3083 523 3136 et
545 3076 710 3157 commoda,
733 3093 858 3154 cumque
882 3076 1029 3156 venirent;

97 3182 131 3231 20
149 3168 256 3245 partim
280 3164 357 3244 quod
381 3165 491 3224 1111111111
514 3172 727 3243 pertusumque
750 3181 816 3224 esse
839 3163 968 3246 videbat,

149 3260 182 3315 ut
205 3253 284 3315 nulla
306 3260 408 3332 posset
429 3255 543 3312 ratione
567 3251 713 3330 explerier
735 3269 888 3333 umquam,

148 3345 255 3421 partim
280 3341 357 3419 quod
380 3347 474 3401 taetro
498 3343 582 3419 quasi
605 3357 802 3418 conspurcare
825 3359 929 3420 sapore

149 3433 246 3490 omnia
269 3428 421 3510 cernebat,
445 3446 646 3509 quaecumque
670 3436 840 3512 receperat,
858 3432 949 3489 intus.
