2430 3878
600 200 614 253 Ι
1089 200 1108 269 'l

98 348 161 403 205
173 342 216 405 nil
239 345 330 422 igitur
351 345 418 405 fieri
441 345 476 407 de
500 348 560 408 nilo
583 367 670 427 posse
694 349 885 432 fatendumst,
1070 366 1110 408 mo

100 474 104 483 ·
175 434 288 493 semine
315 433 430 512 quando
460 453 533 515 opus
556 444 603 498 est
624 435 727 518 rebus,
755 457 812 518 quo
836 458 969 520 quaeque
994 449 1109 502 creatae

174 523 251 581 aeris
274 523 306 582 in
328 529 446 583 teneras
469 526 585 602 possint
606 526 769 604 proferrier
792 545 886 588 auras.
1070 543 1109 583 2⁰⁷

101 615 160 668 215
204 608 284 680 ,Ηιιο
307 610 421 670 accedit
442 613 488 672 uti
511 615 637 692 quicque
661 616 692 674 in
716 633 768 675 sua
791 634 914 695 corpora
936 634 1056 678 rursum
1070 631 1110 673 215

101 705 157 754 210
175 697 318 758 dissoluat
340 705 444 760 natura
467 717 564 779 neque
586 701 622 761 ad
645 702 738 763 nilum
761 705 918 765 interemat
939 723 997 767 res.

174 804 242 846 nam
266 787 363 865 siquid
385 788 508 849 mortale
532 807 548 849 e
572 793 687 850 cunctis
710 791 843 870 partibus
867 800 958 874 esset,

175 892 211 936 ex
234 873 328 935 oculis
350 893 400 936 res
423 895 557 956 quaeque
580 885 702 957 repente
727 888 827 959 erepta
848 883 973 959 periret:

174 961 254 1023 nulla
276 964 305 1022 vi
328 963 404 1024 foret
426 982 498 1025 usus
522 968 616 1047 enim,
640 985 714 1045 quae
737 968 870 1046 partibus
893 971 958 1030 eius

101 1056 162 1110 220
177 1050 335 1112 discidium
357 1069 461 1131 parere
485 1060 515 1113 et
537 1072 631 1115 nexus
654 1054 805 1116 exsolvere
828 1064 937 1134 posset.
1069 1072 1110 1113 no

99 1144 156 1195 216
176 1139 253 1219 quod
276 1158 368 1221 nuno,
391 1147 510 1201 aeterno
535 1145 604 1221 quia
626 1151 762 1204 constant
784 1146 895 1205 semiue
920 1163 1067 1228 quaeque,
1133 1139 1135 1143 ’

176 1227 269 1289 donec
292 1230 336 1288 vis
359 1227 445 1310 obiit,
468 1248 542 1308 quae
565 1247 614 1292 res
638 1231 805 1292 diverberet
827 1234 888 1294 ictu

101 1356 103 1361 -
175 1323 226 1377 aut
247 1318 328 1377 intus
350 1324 487 1396 penetret
509 1337 563 1397 per
586 1322 685 1380 inania
708 1319 922 1402 dissoluatque‚

175 1404 284 1466 nullius
309 1407 431 1466 exitium
453 1409 564 1485 patitur
586 1415 690 1468 natura
712 1408 814 1469 videri.

99 1499 165 1552 225
176 1500 329 1573 praeterea
353 1512 427 1572 quae
451 1513 576 1574 cumque
599 1503 743 1557 vetustate
767 1504 882 1558 amovet
904 1504 997 1579 aetas,
1069 1511 1109 1554 no

100 1588 158 1639 020
176 1584 202 1642 si
224 1584 342 1661 penitus
365 1584 492 1660 peremit
515 1601 691 1646 consumens
714 1587 867 1646 materiem
891 1604 1021 1668 omnem,

174 1670 253 1731 unde
276 1670 400 1731 animale
423 1689 516 1750 genus
540 1674 702 1750 generatim
725 1675 757 1732 in
779 1672 890 1734 lumina
912 1676 988 1735 vitae

174 1759 311 1820 redducit
332 1758 443 1841 Venus,
467 1767 517 1820 aut
539 1761 713 1822 redductum
737 1761 856 1822 daedala
878 1761 966 1823 tellus

175 1847 253 1908 unde
276 1846 329 1908 alit
350 1854 437 1927 atque
461 1855 548 1926 auget
569 1852 732 1927 generatim
754 1849 860 1928 pabula
881 1846 1049 1928 praebens?

101 1941 162 1994 230
176 1936 254 1996 unde
276 1953 357 1996 mare
380 1937 502 2014 ingenui
525 1936 621 1998 sontes
644 1945 822 2017 externaque
846 1937 932 2017 longe
1069 1952 1108 1993 sao

99 2029 157 2080 220
176 2024 297 2085 flumina
320 2021 528 2103 suppeditant?
564 2025 643 2085 unde
666 2026 767 2087 aether
790 2026 887 2087 sidera
909 2023 1027 2106 pascit?

177 2114 273 2172 omnia
297 2114 376 2172 enim
398 2111 498 2194 debet,
521 2113 638 2174 mortali
660 2131 783 2193 corpore
807 2132 882 2192 quae
905 2121 987 2196 sunt,

102 2240 105 2248 ·
175 2201 289 2262 infinita
311 2207 391 2261 aetas
415 2219 591 2280 consumpse
615 2208 682 2262 ante
706 2209 768 2262 acta
792 2201 924 2280 diesque.

175 2288 253 2369 quod
276 2290 356 2349 siin
380 2307 415 2349 eo
439 2291 533 2368 spatio
556 2297 642 2368 atque
666 2297 733 2369 apte
757 2295 820 2349 acta
843 2296 937 2350 aetate
961 2290 1043 2351 luere

100 2383 192 2439 235e
215 2376 322 2456 quibus
344 2377 418 2438 haec
440 2395 541 2438 rerum
564 2379 699 2438 consistit
722 2395 835 2438 summa
857 2377 980 2459 reiecta,
1068 2391 1111 2434 voc

100 2473 157 2524 200
175 2465 324 2528 inmortali
347 2472 416 2526 sunt
438 2473 542 2526 natura
563 2466 696 2544 praedita
719 2473 809 2527 certe.

174 2554 251 2616 haud
274 2556 365 2632 igitur
386 2561 511 2633 possunt
533 2554 568 2615 ad
592 2553 685 2615 nilum
709 2572 842 2634 quaeque
864 2556 981 2616 reverti.

104 2678 107 2687 ·
175 2643 302 2721 denique
325 2660 375 2703 res
397 2645 493 2703 omnis
517 2643 618 2704 eadem
641 2645 685 2703 vis
709 2662 854 2723 causaque
877 2643 961 2722 volgo

175 2731 343 2811 conficeret,
365 2733 425 2791 nisi
447 2734 586 2792 materies
609 2738 728 2793 aeterua
750 2739 879 2812 teneret,

99 2826 161 2879 240
175 2822 254 2881 inter
276 2837 308 2880 se
332 2837 411 2880 nexu
432 2821 531 2880 minus
554 2826 605 2880 aut
626 2822 719 2898 magis
743 2819 927 2899 indupedita:
1068 2834 1108 2875 mo

101 2917 155 2968 220
173 2915 270 2970 tactus
294 2910 373 2968 enim
395 2907 447 2967 leti
471 2909 542 2968 satis
566 2915 646 2968 esset
668 2926 756 2968 causa
777 2908 923 2988 proiect05

174 2999 296 3077 quippe,
318 2995 371 3056 ubi
394 2995 475 3056 nulla
497 2996 594 3056 lorent
616 3002 735 3056 aeterno
759 3013 895 3075 corpore,
919 3013 1045 3074 quorum

102 3114 106 3130 ·
173 3091 343 3146 contextum
365 3086 409 3144 vis
432 3081 554 3144 deberet
576 3083 736 3144 dissolvere
760 3100 902 3162 quaeque.

173 3180 203 3235 at
225 3191 317 3253 nuno,
340 3175 417 3233 inter
441 3189 473 3232 se
497 3173 565 3250 quia
588 3189 681 3232 nexus
704 3173 919 3250 principiorum

99 3269 160 3324 245
172 3260 333 3323 dissimiles
356 3267 493 3322 constant
514 3266 692 3339 aeternaque
715 3260 853 3320 materies
876 3265 935 3339 est,
1067 3272 1107 3314 us

98 3359 154 3410 240
172 3349 314 3411 incolumi
336 3355 489 3409 remanent
510 3366 560 3408 res
584 3366 720 3429 corpore,
743 3349 813 3408 dum
837 3350 908 3409 satis
931 3350 1008 3410 acris

171 3441 216 3500 vis
240 3437 326 3499 obeat
348 3455 401 3516 pro
424 3444 540 3498 textura
564 3438 707 3515 cuiusque
730 3443 856 3514 reperta.

100 3559 105 3569 ·
170 3526 249 3588 haud
272 3528 363 3604 igitur
383 3525 463 3587 redit
485 3525 522 3587 ad
544 3524 640 3588 nilum
662 3543 713 3588 res
734 3524 815 3609 ulla,
833 3524 894 3588 seu
912 3542 1022 3584 omncs
