2430 3878
100 171 162 234 112
585 167 624 222 IV

169 316 402 394 chordarumque
427 334 514 376 sonos
537 315 615 397 fieri,
640 316 792 395 dulcisque
816 315 976 397 querellas,

168 404 240 464 tibia
265 423 336 482 quas
360 404 457 464 lundit
480 404 580 482 digitis
602 404 717 483 pulsata
740 413 910 485 canentum,
1065 423 1097 465 666

170 500 200 552 et
222 511 314 570 genus
338 492 499 570 agricolum
521 491 578 551 late
603 495 776 573 sentiscere,
800 511 889 571 quom
912 493 973 553 Pan

99 597 150 647 670
169 583 257 660 pinea
281 581 413 640 semiferi
437 582 540 658 capitis
563 579 706 640 velamina
730 599 872 659 quassans

96 685 156 736 566
169 687 246 729 unco
270 687 356 747 saepe
380 667 461 727 labro
486 669 612 728 calamos
634 672 783 747 percurrit
805 669 927 749 hiantis,

170 757 267 817 tistula
290 757 456 817 silvestrem
478 775 516 816 ne
540 764 636 817 cesset
658 757 782 817 fundere
805 776 929 818 musam.

169 853 269 905 cetera
289 845 324 905 de
343 863 451 922 genere
469 844 526 904 hoc
544 853 675 905 monstra
689 865 722 905 ac
736 853 871 924 portenta
885 846 1055 925 loquontur,
1068 866 1103 908 660

170 952 207 994 06
231 933 294 993 1006
318 933 435 993 deserta
458 933 493 993 ab
517 933 592 992 divis
617 951 733 1011 quoque
757 934 832 993 lorte
855 942 997 1012 putentur

100 1037 152 1087 tto
172 1021 233 1082 sola
256 1029 367 1081 tenere.
404 1021 470 1081 ideo
494 1023 603 1081 iactant
625 1020 765 1082 miracula
789 1022 888 1102 dictis,

101 1126 152 1176 591
171 1117 220 1170 aut
243 1109 340 1187 aliqua
363 1112 476 1170 ratione
500 1108 555 1169 alia
579 1109 739 1190 ducuntur,
762 1118 795 1170 ut
818 1128 903 1170 omne

171 1198 332 1258 humanum
355 1216 448 1275 genus
471 1206 516 1258 est
539 1198 654 1258 avidum
678 1201 767 1258 nimis
785 1195 1021 1276 †auricularum.

216 1286 299 1356 Quod
323 1294 471 1366 superest,
493 1304 552 1345 non
577 1294 622 1346 est
643 1287 810 1346 mirandum
834 1305 890 1366 qua
912 1289 1043 1366 ratione,
1069 1309 1107 1349 606

171 1393 225 1454 per
247 1374 311 1434 loca
334 1392 408 1453 qnae
431 1382 583 1452 nequeunt
606 1374 683 1435 oculi
705 1393 754 1434 res
778 1393 901 1434 cernere
924 1381 1057 1455 apertas,

100 1479 153 1528 580
172 1463 244 1522 haee
267 1462 330 1521 loca
353 1481 407 1540 per
429 1480 516 1521 voces
539 1465 657 1522 veniant
680 1466 818 1541 aurisque
841 1463 1000 1543 lacessant,

102 1567 157 1618 596
173 1550 360 1628 conloquium
387 1557 420 1609 ut
443 1549 549 1609 clausis
574 1551 686 1611 loribus
711 1569 826 1629 quoque
850 1569 937 1629 saepe
960 1551 1107 1632 videmus3

171 1641 325 1717 nimirum,
349 1639 417 1715 quia
440 1656 495 1696 vox
517 1656 572 1716 per
594 1638 668 1698 flexa
691 1640 834 1699 foramina
855 1656 957 1699 rerum

173 1725 328 1785 incolumis
350 1727 477 1786 transire
501 1733 611 1806 potest,
635 1727 791 1787 simulacra
813 1735 964 1787 renutant:
1070 1750 1109 1791 ooo

172 1813 402 1893 perscinduntur
426 1816 517 1893 enim,
540 1817 599 1874 nisi
621 1822 701 1875 recta
725 1816 867 1875 loramina
889 1823 1021 1896 tranant,

100 1919 153 1967 aas
174 1901 268 1981 qualia
292 1909 361 1961 sunt
382 1904 463 1982 vitri,
487 1905 601 1981 species
625 1921 681 1980 qua
704 1902 827 1964 travolat
849 1906 954 1964 omnis.

103 1985 349 2073 6011lpraeterea
370 1992 463 2068 partis
486 1993 517 2049 in
541 1998 660 2051 cunctas
684 1991 824 2052 dividitur
846 2011 915 2072 vox,

173 2096 208 2138 ex
232 2077 298 2137 aliis
321 2077 394 2137 aliae
419 2080 557 2156 quoniam
579 2082 752 2159 gignuntur,
775 2079 827 2140 ubi
848 2099 907 2141 una

173 2166 302 2227 dissiluit
325 2165 416 2226 semel
439 2169 469 2225 in
493 2166 600 2226 multas
623 2175 736 2248 exorta,
760 2171 843 2247 quasi
865 2171 943 2247 ignis
1069 2191 1109 2232 606

173 2274 260 2333 saepe
284 2254 359 2315 solet
382 2254 507 2315 scintilla
530 2274 600 2316 suos
623 2274 656 2316 se
679 2275 818 2335 spargere
842 2259 872 2316 in
896 2259 982 2335 ignis.

100 2359 153 2410 660
173 2362 242 2422 ergo
266 2343 418 2422 replentur
440 2343 504 2403 loca
527 2343 647 2405 vocibus
671 2344 768 2405 abdita
790 2353 870 2405 retro

102 2447 158 2498 606
171 2434 328 2509 omniaque
351 2432 397 2491 his
420 2434 533 2492 circum
556 2432 673 2492 fervunt
695 2435 852 2511 sonituque
876 2436 1000 2494 cientur.

172 2528 201 2580 at
224 2518 380 2578 simulacra
402 2521 458 2577 viis
482 2519 609 2580 derectis
633 2523 731 2579 omnia
753 2520 891 2602 tendunt,

172 2614 205 2667 ut
228 2613 296 2666 sunt
319 2609 409 2665 missa
432 2607 536 2687 semel,
560 2615 738 2687 quapropter
762 2627 884 2669 cernere
907 2627 993 2670 nemo
1068 2634 1125 2673 660-

173 2701 272 2773 saepta
295 2696 371 2753 intra
394 2696 472 2772 potis
495 2703 553 2774 est,
577 2703 606 2755 at
627 2714 714 2756 voces
737 2699 871 2776 accipere
895 2694 1015 2776 extrall

100 2799 153 2849 606
173 2790 313 2843 ettamen
328 2784 391 2861 ipsa
407 2801 523 2861 quoque
537 2783 618 2864 haec,
632 2784 702 2844 dum
713 2787 821 2845 transit
830 2784 929 2845 clausa
938 2783 1108 2868 domorum,

102 2887 226 2937 611vox
251 2871 424 2950 optunditur
447 2878 533 2949 atque
557 2874 637 2932 auris
661 2873 782 2933 conlusa
804 2881 952 2954 penetrat,

173 2968 202 3020 et
226 2961 354 3020 sonitum
377 2961 476 3038 potius
501 2978 586 3037 quam
609 2960 697 3019 verba
721 2960 822 3020 audire
845 2961 988 3023 videmur.

215 3048 285 3128 Nec,
308 3050 374 3126 quis
399 3050 542 3107 sentimus
566 3066 678 3128 sucum,
700 3048 799 3127 lingua
820 3056 907 3127 atque
925 3048 1054 3128 palatum
1069 3072 1108 3113 aio

170 3135 337 3214 plusculum
359 3135 469 3196 habent
491 3138 522 3196 in
546 3154 578 3196 se
601 3138 724 3196 rationis
747 3137 814 3215 plus
838 3155 990 3216 operaeve.

99 3241 152 3288 600
170 3225 315 3302 principio
340 3243 442 3284 sucum
468 3227 611 3284 sentimus
635 3226 666 3284 in
690 3243 754 3305 ore,
777 3224 875 3286 cibum
898 3245 965 3287 eum

100 3329 154 3378 616
170 3312 335 3372 mandendo
359 3315 564 3392 exprimimus,
588 3332 642 3374 ceu
665 3312 782 3392 plenam
806 3317 959 3393 spongiam
982 3317 1069 3394 aquai

171 3403 263 3479 siquis
287 3400 361 3460 sorte
385 3419 474 3461 manu
496 3418 632 3480 premere
656 3421 689 3462 ac
713 3405 824 3463 siccare
848 3406 954 3482 eoepit.

165 3489 236 3549 inde
260 3488 337 3569 quod
362 3491 554 3570 exprimimus
577 3508 631 3570 per
655 3490 752 3551 caulas
776 3510 862 3551 omne
885 3491 975 3570 palati
1069 3514 1107 3555 600
