2430 3878
138 188 181 252 90
619 187 660 240 111

138 349 189 399 900
209 333 371 394 dissoluant
394 335 484 394 animi
505 352 610 413 magno
635 353 666 395 se
689 352 797 412 angore
820 340 969 412 metuque.

630 442 646 479 ’l‘

210 505 253 570 ‘tu
278 510 396 588 quidem
418 518 452 571 ut
475 529 507 571 es
529 511 588 570 leto
611 512 738 591 sopitae,
761 513 804 571 sic
827 512 887 570 eris
910 509 975 570 aevi

210 599 288 677 quod
311 617 400 678 super
423 606 468 659 est
491 601 605 658 cunctis
627 599 750 677 privatu'
773 597 924 658 doloribus
947 597 1064 674 aegris:
1112 616 1152 658 eos

210 693 239 746 at
261 704 315 746 nos
337 686 475 747 horrifico
499 687 675 746 cinefactum
697 693 726 746 te
749 704 841 765 prope
863 684 951 745 husto

139 790 194 840 905
210 773 415 834 insatiabiliter
438 774 623 854 deflevimus,
646 782 857 852 aeternumque

136 878 191 927 000
206 862 288 927 nulla
308 861 374 922 dies
393 861 483 922 10000
502 880 653 922 merorem
676 880 692 921 e
712 869 835 941 pectore
858 855 977 921 demet’

210 950 281 1011 illud
305 949 340 1010 ab
363 951 419 1010 hoc
441 952 531 1028 igitur
555 950 797 1030 quaerendumst,
820 949 891 1029 quid
915 951 953 1009 sit
976 949 1074 1012 amari

209 1046 290 1099 tanto
309 1057 406 1119 opere,
425 1038 460 1098 ad
479 1057 615 1099 somnum
634 1041 660 1098 si
682 1057 730 1099 res
749 1038 827 1098 redit
844 1046 932 1116 atque
951 1039 1096 1117 quietem,
1110 1058 1151 1100 o1o

210 1145 264 1187 cur
286 1129 442 1204 quisquam
464 1134 583 1187 aeterno
607 1129 702 1205 possit
723 1125 876 1186 tabescere
899 1125 988 1186 luctu.

141 1230 194 1280 910
255 1207 264 1296 ll
277 1213 338 1274 Hoc
362 1217 450 1275 etiam
473 1215 583 1276 iaciunt
605 1215 657 1275 uhi
680 1213 855 1275 discubuere
877 1220 1040 1291 tenentque

141 1319 192 1367 010
210 1301 314 1381 pocula
338 1321 423 1381 saepe
445 1303 580 1363 homines
604 1311 634 1363 et
654 1301 826 1362 inumbrant
848 1320 898 1362 ora
921 1302 1056 1382 coronis,

211 1409 246 1450 ex
274 1392 371 1450 animo
398 1397 431 1451 ut
454 1390 553 1450 dicant
580 1388 689 1450 ‘brevis
714 1390 764 1450 hic
787 1396 833 1450 est
854 1390 968 1450 fructus
992 1388 1150 1450 homullis:

210 1481 269 1538 iam
292 1479 393 1557 luerit,
415 1496 511 1556 neque
534 1486 602 1557 post
624 1497 763 1556 umquam
785 1495 924 1538 revocare
947 1473 1072 1538 licebit'
1109 1500 1151 1541 ora
1198 1504 1202 1510 ’

210 1573 359 1643 tamquam
381 1569 413 1625 in
435 1572 529 1625 morte
553 1565 622 1626 mali
644 1584 712 1626 cum
734 1568 839 1645 primis
861 1565 917 1626 hoc
941 1567 980 1625 sit
1002 1582 1122 1647 eorum,

140 1670 195 1720 915
212 1653 289 1732 quod
313 1655 378 1713 sitis
402 1660 504 1713 exurat
526 1656 651 1714 miseros
674 1662 761 1732 atque
784 1653 866 1714 arida
888 1658 994 1734 tonat,

142 1757 193 1806 915
212 1748 262 1801 aut
284 1740 357 1801 aliae
380 1743 464 1801 cuius
488 1741 668 1802 desiderium
690 1742 818 1803 insideat
840 1739 921 1820 reill
1007 1735 1011 1744 '

211 1847 266 1889 nec
290 1829 347 1888 sihi
370 1831 449 1888 enim
473 1831 627 1907 quisquam
649 1837 713 1890 tum
737 1848 768 1890 se
791 1832 939 1908 vitamque
962 1831 1103 1911 requirit,

212 1935 280 1978 cum
301 1918 412 1996 pariter
433 1934 518 1976 mens
542 1925 571 1976 et
593 1936 701 1996 corpus
723 1920 818 1996 sopita
842 1919 1011 1996 quiescunt:
1107 1941 1151 1982 azo

211 2023 280 2065 nam
302 2004 371 2065 licet
393 2012 546 2065 aeternum
567 2024 622 2084 per
644 2024 698 2065 nos
721 2008 764 2066 sic
787 2023 853 2067 esse
876 2023 1026 2086 soporem,

141 2110 265 2160 920nec
289 2092 469 2153 desiderium
491 2095 586 2152 nostri
608 2111 662 2153 000
686 2093 784 2154 adiicit
805 2093 910 2154 ullum:

142 2198 193 2247 920
212 2188 241 2241 et
263 2189 361 2241 tamen
384 2181 460 2242 haud
485 2200 630 2260 quaquam
653 2190 769 2242 nostros
793 2187 863 2242 tunc
885 2181 935 2242 illa
957 2199 1012 2260 per
1030 2189 1119 2256 artus

211 2269 297 2348 longe
321 2269 356 2329 ab
381 2270 533 2330 sensiferis
556 2270 715 2348 primordia
738 2269 868 2329 motibus
892 2276 1004 2350 errant,

212 2376 279 2418 cum
302 2365 456 2436 correptus
478 2356 566 2417 homo
589 2376 624 2417 ex
648 2375 751 2417 somno
775 2376 806 2417 se
830 2356 947 2436 colligat
968 2360 1041 2435 ipse.
1106 2382 1148 2422 aaa

212 2445 303 2505 multo
331 2448 421 2522 igitur
448 2453 573 2505 mortem
595 2447 693 2505 minus
716 2445 752 2504 ad
776 2463 830 2505 nos
853 2463 919 2506 esse
941 2445 1147 2529 putandumst3

141 2550 199 2600 925
213 2535 239 2592 si
261 2534 360 2592 minus
384 2551 448 2592 esse
471 2539 569 2611 potest
591 2551 679 2610 quam
702 2533 779 2611 quod
802 2533 844 2593 nil
867 2551 933 2594 esse
956 2532 1103 2595 videmus:

142 2637 193 2686 925
212 2622 306 2679 maior
328 2621 407 2679 enim
429 2620 515 2680 00000
539 2627 568 2680 00
591 2620 731 2681 disiectus
753 2623 888 2681 materiai

213 2701 403 2785 consequitur
426 2706 497 2787 lete,
520 2726 575 2768 nec
599 2711 754 2787 quisquam
777 2711 946 2788 expergitus
969 2716 1061 2789 extat,

211 2796 316 2874 frigida
340 2814 428 2874 quem
451 2795 543 2856 semel
566 2807 612 2856 est
633 2799 703 2858 vitai
724 2815 816 2875 pausa
839 2805 946 2858 secuta.
1106 2821 1149 2862 ooo

255 2883 388 2962 Denique
412 2886 438 2943 si
460 2902 562 2944 vocem
584 2903 685 2944 rerum
707 2892 812 2946 natura
833 2892 956 2964 repente

141 2988 197 3038 930
210 2975 307 3032 mittat
330 2979 359 3032 et
382 2972 437 3032 hoc
460 2971 548 3032 alicui
570 2981 705 3032 nostrum
728 2975 771 3033 sic
793 2975 927 3052 increpet
949 2976 1026 3054 ipsa,

141 3077 192 3126 930
212 3057 294 3139 ‘qnid
321 3059 376 3120 tihi
401 3066 482 3119 tanto
506 3069 637 3143 operest,
663 3060 808 3142 mortalis,
836 3061 913 3140 quod
937 3064 1026 3121 nimis
1049 3065 1148 3140 aegris

211 3147 339 3209 luctibus
362 3145 519 3226 indulges?
555 3149 626 3227 quid
647 3155 774 3209 mortem
797 3151 946 3227 congemis
969 3168 1003 3209 ac
1025 3146 1102 3211 iles?

210 3255 278 3296 nam
302 3239 328 3296 si
351 3243 432 3314 grata
454 3237 510 3296 fuit
533 3236 588 3296 tihi
610 3239 669 3297 vita
691 3244 757 3296 ante
781 3243 844 3297 acta
866 3239 1021 3319 priorque,
1106 3260 1149 3302 000

212 3333 241 3385 00
263 3342 322 3384 000
346 3327 443 3384 omnia
465 3331 618 3402 pertusum
641 3331 780 3403 congesta
802 3326 886 3403 quasi
908 3327 940 3384 in
962 3344 1012 3386 vas

140 3429 193 3479 935
211 3411 362 3472 commoda
385 3411 551 3491 perfluxere
575 3419 660 3491 atque
684 3415 798 3491 ingrata
820 3414 975 3495 interiere,

133 3517 188 3566 935
206 3518 262 3562 cur
281 3518 342 3562 non
369 3507 399 3562 ut
421 3498 529 3582 plenus
552 3503 629 3562 vitae
651 3503 774 3562 conuira
793 3500 909 3560 recedis
