2430 3878
555 199 582 255 Π
1025 199 1068 264 39

132 365 225 426 quare
247 348 337 406 etiam
360 352 448 424 atque
472 347 561 407 etiam
583 345 703 426 paulum
725 346 868 408 inclinare
891 356 1044 409 necessest

133 452 270 516 corpora3
297 452 353 494 nec
375 433 442 513 plus
466 452 553 513 quam
579 437 749 515 minimum,
777 453 814 495 ne
837 437 948 515 fingere
971 444 1068 496 motus

45 530 112 581 245
133 522 269 602 obliquos
291 522 444 583 videamur
467 529 497 582 et
520 523 549 583 id
572 541 621 582 res
644 541 713 583 vera
735 519 852 585 refutet

133 628 260 690 namque
282 610 339 671 hoo
362 613 393 671 in
416 617 556 690 promptu
575 611 823 691 manifestumque
842 630 908 672 esse
925 612 1069 691 ridemus,

132 700 277 780 pondera,
301 704 446 778 quantum
471 700 502 759 in
525 705 599 779 sest,
626 718 687 760 non
708 717 796 779 posse
820 698 938 778 obliqua
960 718 1069 779 meare,

135 807 172 848 ex
195 805 303 868 supero
326 805 394 847 cum
415 789 624 868 praecipitant,
646 788 724 867 quod
747 805 869 848 cernere
892 790 1003 867 possis:

135 877 187 937 sed
209 875 253 936 nil
275 877 395 937 omnino
416 877 499 937 reeta
520 877 641 954 regione
663 877 722 936 viai

54 973 115 1024 250
134 964 282 1026 declinare
306 965 373 1043 quis
395 970 442 1023 est
464 965 516 1041 qui
537 971 640 1042 poseat
661 981 784 1025 cernere
808 959 895 1024 sese?

178 1053 311 1132 Denique
335 1054 361 1112 si
383 1069 502 1130 semper
524 1057 621 1112 motus
644 1054 810 1112 conectitur
833 1053 931 1111 omnis·

135 1148 165 1202 et
186 1148 285 1202 vetere
308 1141 441 1200 exoritur
462 1155 580 1218 semiper
602 1157 694 1200 novus
718 1139 821 1200 ordine
845 1146 940 1221 certo,

134 1249 190 1291 nec
212 1228 385 1289 declinando
407 1228 519 1288 iaciunt
540 1228 702 1306 primordia
723 1233 821 1288 motus

133 1319 314 1398 principium
337 1315 496 1395 quoddam,
520 1315 598 1395 quod
621 1317 674 1376 iati
695 1316 814 1376 foedera
836 1321 966 1397 rumpat,

56 1413 115 1464 255
135 1425 171 1467 ex
194 1407 310 1466 infinito
332 1423 370 1465 ne
394 1422 511 1465 causam
535 1422 622 1464 causa
645 1410 797 1484 sequatur,

134 1494 227 1555 libera
249 1511 303 1572 per
324 1500 421 1552 terras
443 1492 521 1553 unde
544 1492 617 1569 haec
639 1491 836 1553 animantibus
859 1497 967 1573 exstat,

134 1582 243 1645 undest
264 1581 350 1661 haec,
371 1582 505 1661 inquam,
527 1581 595 1641 iatis
618 1581 715 1641 avolsa
736 1587 880 1661 potestaS,

134 1690 189 1752 per
211 1688 298 1749 quam
320 1661 528 1748 progredimur
550 1687 612 1747 quo<
631 1669 712 1729 ducit
735 1687 881 1749 quemque
903 1667 1050 1749 voluntas,
1091 1746 1094 1751 θ

135 1758 316 1821 declinamus
339 1759 410 1817 item
433 1764 531 1817 motus
554 1775 609 1817 nec
630 1764 763 1836 tempore
787 1764 867 1817 certo

59 1855 116 1906 260
134 1866 190 1908 nec
212 1847 333 1924 regione
356 1844 414 1905 loci
436 1852 529 1926 certa,
552 1845 604 1905 sed
627 1845 680 1906 ubi
701 1848 764 1924 ipsa
786 1844 854 1905 tulit
876 1840 982 1904 mens?
1088 1896 1093 1919 ,

134 1952 203 1997 nam
226 1933 318 1995 dubio
338 1932 442 2012 procul
463 1932 511 1993 his
533 1932 623 1993 rebus
646 1952 699 1994 sua
722 1935 827 2012 cuique
850 1933 984 1993 voluntas

134 2025 314 2104 principium
342 2022 403 2101 dat,
431 2027 461 2082 et
483 2021 552 2081 hinc
574 2027 673 2082 motus
694 2039 749 2100 per
770 2020 902 2081 membra
924 2023 1065 2099 rigantur.

136 2130 233 2174 nonne
256 2110 339 2171 vides
362 2111 451 2170 etiam
473 2110 627 2188 patefactis
649 2116 782 2187 tempore
803 2115 914 2188 puncto

136 2199 305 2262 carceribus
327 2215 387 2258 non
409 2215 497 2277 posse
520 2204 619 2257 tamen
640 2215 833 2276 prorumpere
857 2214 1000 2274 equorum

62 2297 117 2347 265
135 2292 195 2350 vim
218 2287 355 2368 cupidam
377 2293 437 2346 tam
460 2284 496 2346 de
520 2284 621 2346 subito·
641 2302 728 2363 quam
750 2302 834 2344 mens
858 2291 924 2343 avet
945 2280 1031 2363 ipsa?
1090 2337 1092 2341 .

137 2379 232 2438 omnis
256 2377 350 2455 enim,
372 2381 466 2435 totum
489 2392 543 2452 per
566 2391 686 2453 corpus,
708 2374 848 2439 materiai¹

136 2466 220 2544 copia
242 2465 355 2525 conciri
377 2462 477 2542 debet,
500 2464 613 2525 concita
636 2478 690 2540 per
713 2467 794 2521 artus

137 2555 233 2614 omnis
255 2559 289 2612 ut
311 2551 442 2612 studium
464 2553 572 2611 mentis
595 2568 705 2611 conexa
728 2555 881 2630 sequatur,

135 2649 170 2703 ut
190 2641 290 2701 videas
312 2641 419 2700 initum
441 2644 539 2699 motus
561 2657 578 2699 a
601 2638 688 2699 corde
712 2640 807 2698 creari

63 2737 118 2788 270
136 2749 173 2790 ex
196 2730 345 2807 animique
367 2726 511 2787 voluntati
532 2726 693 2806 procedere
716 2728 857 2806 primum,

135 2818 204 2879 inde
227 2817 292 2877 dari
313 2834 402 2895 porro
425 2834 480 2894 per
502 2821 596 2876 totum
619 2833 726 2893 corpus
750 2822 780 2874 et
802 2821 892 2874 artus.

136 2925 191 2967 nec
214 2905 339 2966 similest
360 2911 395 2964 ut
418 2922 485 2964 cum
506 2902 627 2982 impulsi
648 2902 836 2982 procedimus
859 2905 933 2981 ictu,

136 2993 249 3055 viribus
275 2992 396 3053 alterius
418 2993 532 3069 magnis
555 3008 718 3069 magnoque
742 2997 858 3071 coactu3

136 3101 204 3145 nam
227 3088 290 3143 tum
312 3082 466 3142 materiem
488 3081 579 3139 totius
602 3081 734 3158 corporis
758 3096 875 3138 omnem

63 3180 118 3230 275
135 3173 355 3251 perspicuumst
377 3167 463 3228 nobis
485 3170 586 3229 invitis
608 3170 653 3227 ire
676 3169 813 3247 rapique,

136 3260 231 3319 donee
253 3277 318 3319 eam
340 3257 498 3319 refrenavit
521 3274 575 3335 per
597 3255 729 3315 membra
751 3254 893 3315 voluntas

135 3340 233 3408 iamn'e
255 3346 338 3407 rides
361 3347 464 3424 igitur,
487 3362 663 3423 quamquam
686 3345 730 3402 vis
753 3350 854 3404 extera
875 3341 983 3403 multos

134 3435 224 3516 pellat
247 3444 277 3496 et
298 3436 406 3496 invitos
430 3440 514 3511 cogat
536 3432 696 3511 procedere
720 3449 807 3511 saepe

135 3525 372 3604 praecipitesque
395 3523 473 3605 rapi,
494 3528 596 3583 tamen
617 3538 686 3583 esse
705 3520 743 3581 in
759 3526 888 3601 pectore
904 3525 1014 3577 nostro
