2430 3878
97 188 160 253 138
582 186 608 240 V

168 353 240 413 quas
263 333 351 394 validi
373 339 435 393 toto
459 332 633 411 dispergunt
655 337 722 392 5515
746 334 835 392 venti.
874 337 876 342 ’

98 439 149 488 545
168 441 237 501 pars
260 423 348 481 etiam
371 421 523 500 glebarum
545 420 581 480 ad
605 419 744 480 diluviem
767 427 922 480 revocatur
1058 441 1089 483 ro

98 526 156 578 256
168 509 327 590 imbribus,
350 516 380 569 et
402 511 481 588 ripas
504 508 636 569 radentia
658 509 779 569 flumina
802 509 920 569 rodunt.

168 605 322 677 praeterea
344 615 398 675 pro
421 603 503 675 parte
528 615 590 677 sua,
616 597 822 676 quodcumque
844 596 903 657 alid
927 603 1027 679 auget,

591 703 609 740 ss

170 772 316 833 redditur:
339 779 370 832 et
392 774 530 850 quoniam
553 771 642 832 dubio
664 771 768 850 procul
790 790 856 832 esse
878 773 997 833 videtur

170 863 358 939 omniparens
382 860 485 920 eadem
507 878 607 920 rerum
630 878 784 920 commune
808 860 991 944 sepulcrum,

100 964 152 1014 250
170 966 241 1026 ergo
263 955 342 1008 terra
365 947 420 1008 tibi
442 947 551 1008 libatur
573 955 603 1008 et
625 955 709 1009 aucta
731 950 881 1009 recrescit.
1065 971 1099 1012 155

100 1051 157 1105 273
214 1037 289 1096 Aera
311 1054 391 1096 nunc
413 1038 504 1114 igitur
527 1035 634 1117 dicam,
658 1039 709 1115 qui
732 1054 855 1115 corpore
877 1043 940 1097 toto
1065 1059 1100 1100 515

170 1123 425 1185 innumerabiliter
447 1127 545 1202 privas
567 1131 698 1184 mutatur
720 1127 752 1184 in
774 1125 870 1184 boras.

100 1225 157 1280 275
170 1231 287 1291 semper
310 1214 398 1292 enim,
421 1212 626 1291 quodcumque
649 1213 714 1272 fluit
737 1212 772 1272 de
791 1213 890 1293 rebus,
913 1212 943 1272 id
964 1230 1102 1276 omnem

171 1303 249 1361 aeris
272 1302 303 1360 in
325 1319 464 1378 magnum
486 1301 581 1360 fertur
603 1319 696 1381 mare3
720 1302 771 1378 qui
795 1302 853 1360 nisi
876 1307 980 1362 contra

102 1403 154 1453 255
173 1406 296 1466 corpora
318 1388 463 1449 retribuat
485 1388 575 1448 rebus
598 1394 771 1467 recreetque
794 1389 927 1469 fluentis,

173 1478 270 1536 omnia
293 1479 351 1535 iam
374 1475 502 1536 resoluta
525 1477 623 1537 forent
645 1483 675 1536 et
697 1479 728 1536 in
752 1481 819 1537 aera
841 1495 939 1537 versa:

171 1564 242 1624 baut
264 1565 354 1641 igitur
377 1573 472 1624 cessat
495 1565 576 1642 gigni
598 1564 634 1623 de
658 1564 747 1625 rebus
771 1571 801 1624 et
823 1566 854 1625 in
876 1583 926 1624 res

101 1666 158 1719 280
171 1651 335 1732 reccidere,
358 1650 479 1711 adsidue
503 1654 642 1729 quoniam
664 1653 756 1712 fluere
780 1655 877 1712 omnia
900 1659 1025 1713 constat.
1067 1675 1105 1716 555

215 1739 328 1817 Largus
350 1740 421 1798 item
444 1739 550 1817 liquidi
572 1741 638 1800 fons
661 1740 794 1821 luminis,
817 1741 967 1801 aetherius
990 1740 1049 1821 sol,

103 1844 155 1894 260
174 1829 282 1904 inrigat
304 1826 424 1887 adsidue
448 1827 560 1888 caelum
583 1828 710 1888 candore
733 1831 846 1889 recenti

173 1914 398 1994 suppeditatque
421 1933 496 1974 novo
520 1917 674 1977 confestim
697 1916 808 1976 lumine
831 1916 939 1977 lumen.

172 2021 241 2062 nam
263 2004 391 2081 primum
415 2004 554 2082 quicquid
578 2004 699 2082 fulgoris
723 2004 847 2083 disperit
869 2007 910 2085 ei,

101 2106 157 2159 235
172 2109 356 2170 quocumque
376 2091 490 2151 accidit
526 2092 556 2151 id
575 2091 645 2152 licet
661 2092 730 2152 hinc
750 2110 927 2170 cognoscere
945 2095 1053 2174 possis,
1067 2113 1105 2156 551

173 2179 251 2257 quod
275 2178 362 2239 simul
386 2197 419 2239 ac
442 2181 570 2257 primum
592 2180 686 2240 nubes
709 2181 868 2240 succedere
890 2180 947 2240 soli

103 2284 154 2334 265
173 2285 298 2346 coepere
321 2276 351 2327 et
373 2266 472 2326 radios
495 2270 573 2327 inter
596 2269 840 2347 quasi.rumpere
862 2268 951 2349 lucis,

173 2354 320 2433 extemplo
343 2355 466 2414 inferior
487 2374 556 2434 pars
579 2355 685 2416 horum
708 2356 832 2435 disperit
854 2358 964 2436 omnis,

172 2450 310 2520 terraque
334 2442 519 2503 inumbratur
542 2461 599 2521 qua
621 2444 715 2504 nimbi
737 2462 863 2523 cumque
886 2445 1035 2526 seruntur3

101 2546 157 2599 290
171 2537 205 2590 ut
226 2547 331 2589 noscas
354 2529 510 2608 splendore
534 2549 609 2591 novo
632 2550 681 2591 res
704 2550 822 2611 semper
845 2550 945 2613 egere,
1066 2556 1105 2596 555

175 2624 204 2677 et
225 2619 354 2696 primum
377 2619 486 2678 iactum
508 2617 632 2696 fulgoris
656 2638 802 2698 quemque
824 2623 937 2701 perire,

103 2723 229 2771 2751155
251 2707 364 2764 ratione
387 2704 442 2764 alia
466 2723 514 2765 res
537 2725 624 2784 posse
647 2709 679 2767 in
702 2707 763 2767 sole
786 2707 893 2789 videri,

172 2799 316 2872 perpetuo
339 2794 372 2852 ni
394 2793 562 2872 suppeditet
584 2794 658 2855 lucis
682 2802 769 2874 caput
790 2798 897 2874 ipsum.

174 2883 246 2959 quin
269 2883 357 2941 etiam
380 2888 523 2941 nocturna
545 2882 614 2964 tibi,
637 2885 789 2944 terrestria
813 2903 887 2962 quae
911 2891 994 2966 sunt,

102 2984 160 3037 295
171 2968 294 3049 lumina,
316 2969 479 3048 pendentes
502 2969 600 3049 lychni
623 2971 776 3050 claraeque
800 2974 932 3032 coruscis
1067 2995 1105 3036 555

173 3056 338 3134 fulguribus
361 3059 486 3136 pingues
509 3057 600 3118 multa
623 3059 744 3138 iuligine
767 3060 868 3120 taedae

103 3161 155 3211 275
175 3144 322 3205 consimili
343 3153 504 3225 properant
526 3148 653 3228 ratione,
677 3148 781 3208 ardore
804 3150 954 3228 ministro,

174 3233 363 3311 suppeditare
385 3252 491 3293 novom
514 3233 626 3316 lumen,
649 3243 777 3296 tremere
800 3236 918 3314 ignibus
941 3239 1065 3320 instant,

172 3323 295 3402 instant,
318 3340 374 3382 nec
396 3321 460 3382 loca
483 3321 532 3382 lux
555 3324 634 3383 inter
657 3326 741 3401 quasi
763 3331 850 3403 rupta
872 3325 1027 3404 relinquit:

102 3423 157 3474 300
172 3426 266 3486 usque
290 3408 363 3469 adeo
386 3417 580 3489 properanter
603 3411 715 3472 obortis
738 3412 856 3490 ignibus
880 3416 908 3473 ei
1067 3437 1105 3478 aoo

166 3497 291 3558 exitium
315 3496 408 3560 celeri
432 3497 544 3561 celatur
567 3501 682 3580 origine
703 3500 846 3561 dammae.
