2430 3878
156 206 268 260 XLVIII
520 202 801 258 PROLEGOMENA.

155 354 290 414 uuuteui
302 369 453 430 quumque
466 357 631 413 tueretur·
645 350 702 422 00.
717 350 826 410 ka.:
845 347 1042 414 animantum
1056 365 1163 411 coucu-

156 443 289 504 tereutur
305 440 367 500 Lm.
386 437 579 501 euuieieutes
598 486 604 499 .
620 487 648 499 ..
672 441 794 500 tueutur
811 438 856 498 B.:
882 447 987 499 neuter
1004 437 1163 498 verborum

157 530 254 590 lusum
284 531 385 588 sensit.
411 562 449 571 —
475 526 537 589 957
566 545 629 606 que
649 546 751 589 re...
772 524 836 589 958
853 524 985 605 possint
1005 525 1079 606 00,
1102 529 1162 586 ani-

156 625 285 697 mantes,
311 615 410 696 philol.
434 616 510 676 XXV
538 614 592 696 88,
614 614 748 694 possiet,
776 615 912 675 videlieet
939 633 1043 675 seusus
1066 614 1162 675 ka

151 704 253 785 possit
268 706 329 765 Lm.
348 705 394 785 Β,
417 705 502 764 videl.
522 702 676 779 uuiuiuus,
699 711 820 782 propter
838 703 911 763 illud
929 700 1071 781 quumvis
1093 700 1163 764 uui·

157 796 303 869 inclutum,
336 793 413 872 quod
446 801 492 852 est
523 795 554 852 iu
581 811 606 852 v.
631 790 707 873 939,
741 794 825 870 quasi
852 810 911 852 non
938 795 970 851 in
996 791 1045 850 ulo
1073 791 1163 851 verbe

157 883 354 943 multitudinis
377 883 457 941 notio
481 881 575 941 lateat.
597 882 632 941 ef.
652 899 740 960 supra
757 899 785 959 p.
804 880 900 940 XVIII.
921 914 959 923 —
981 876 1046 941 960
1057 896 1164 959 prae·

158 975 240 1033 teueu
261 973 457 1031 restituerunt
478 968 587 1049 ka.,
615 975 645 1029 et
668 968 774 1029 Christ.
801 989 829 1048 p.
849 966 891 1031 38
914 969 980 1028 Mr.:
1000 969 1165 1047 propterea

158 1061 219 1120 Lm.
239 1058 270 1118 B.
290 1092 332 1101 -
351 1056 415 1118 972
435 1055 471 1118 de
492 1055 602 1136 quibus
620 1059 785 1120 aucturust
802 1055 859 1128 00.
880 1059 897 1116 i.
917 1075 942 1117 e.
966 1075 1001 1116 ex
1026 1075 1084 1135 quo
1103 1064 1164 1116 uto-

158 1166 273 1208 morum
293 1164 400 1224 genere
420 1146 456 1205 ed
476 1153 588 1206 ceteras
603 1153 724 1225 atomos,
744 1165 817 1224 quae
836 1144 1005 1205 hemitribus
1020 1163 1088 1205 eum
1102 1146 1164 1205 eni·

159 1236 283 1296 malibus
303 1237 425 1294 rationis
440 1234 610 1313 expertibus
625 1252 795 1293 communes
810 1240 887 1314 suut,
906 1233 1016 1311 aliquid
1030 1235 1165 1314 accessit,

158 1325 236 1384 trude
260 1325 335 1383 ratio
354 1319 510 1383 oreretur?
534 1325 605 1381 item
625 1319 688 1382 983
707 1339 744 1383 eu
765 1339 829 1383 uou
844 1318 1013 1383 ridentibus
1031 1323 1165 1384 auctus:

156 1411 304 1491 factumst
324 1444 368 1453 —
388 1409 490 1489 faetus
507 1409 569 1470 Lm.
587 1409 619 1470 B.
638 1410 690 1469 Mr.
710 1429 825 1470 meeum
843 1411 913 1470 feeit
931 1409 1102 1470 Giusseuus.
1122 1443 1165 1453 -

161 1496 223 1560 991
245 1518 286 1577 sq.
306 1545 357 1559 ...
377 1495 465 1573 iaetu,
484 1501 513 1559 et
529 1515 626 1578 peuus
643 1495 815 1558 eumaeum
825 1496 923 1577 pauit,
942 1495 1048 1559 omuiu
1064 1493 1167 1559 sueelu

157 1587 299 1668 ferarum
328 1594 382 1646 ete.
410 1604 475 1645 auu.
503 1586 602 1665 phiIol.
634 1583 720 1648 1875
746 1605 774 1664 p.
802 1585 880 1648 632:
904 1634 910 1646 .
930 1633 936 1646 .
956 1633 962 1646 .
984 1583 1165 1648 iumuuum.

154 1674 264 1754 parit.
280 1722 308 1735 ..
332 1673 394 1734 Lm.
421 1673 463 1754 Β,
490 1677 574 1753 quasi
600 1682 679 1734 terra
707 1693 799 1752 genus
826 1676 987 1734 humanum
1014 1692 1049 1734 eo
1077 1674 1166 1734 modo

160 1767 267 1844 pariat,
295 1782 352 1842 quo
381 1762 516 1843 arbores,
543 1781 603 1822 uon
635 1781 669 1822 eo
702 1782 759 1840 quo
790 1771 888 1823 cetere
916 1762 1065 1843 animalia,
1092 1765 1111 1823 i.
1142 1781 1166 1824 e.

160 1852 266 1932 pabula
288 1850 446 1930 praehens,
473 1857 507 1910 ut
534 1858 564 1910 et
585 1852 683 1910 vIvere
709 1860 739 1910 et
760 1854 854 1911 vivam
876 1853 1049 1929 progeniem
1077 1851 1167 1912 edere

161 1943 284 2019 possint.
304 1972 346 1982 —
367 1936 450 1999 1001
468 1958 509 2018 sq.
533 1940 563 2001 et
583 1939 702 2016 efficit
724 1932 832 2022 (mors)
857 1955 959 2000 omues
980 1955 1029 2000 res
1050 1937 1098 2001 ut
1115 1987 1123 1999 .
1138 1986 1166 2001 ..

160 2028 219 2099 00.
234 2028 286 2087 Mr.
301 2028 365 2087 edd.
385 2029 415 2088 et
429 2025 467 2106 ue
481 2029 517 2087 ut
528 2043 630 2088 otuues
647 2043 696 2088 res
713 2024 779 2087 itu.
796 2075 801 2086 .
818 2075 824 2087 .
843 2027 904 2088 Lm.
918 2026 950 2087 B.
964 2060 1007 2070 -
1026 2024 1111 2090 1008
1123 2047 1166 2108 sq.

159 2114 242 2194 quoti
257 2114 293 2176 iu
312 2113 442 2176 summis
458 2113 583 2193 ftuituue
599 2113 736 2176 uidemus
753 2112 841 2177 rebus
859 2119 877 2176 i.
897 2134 921 2176 e.
941 2116 1054 2176 colores
1073 2118 1103 2178 et
1117 2114 1168 2178 iue

161 2204 280 2266 tertium
304 2203 392 2265 uusei
417 2201 572 2282 subitoque
588 2201 693 2283 perire
715 2208 734 2264 i.
758 2223 782 2264 e.
807 2223 920 2265 seusus.
944 2202 1002 2274 00.
1026 2204 1090 2264 edd.
1113 2205 1167 2265 Mr.

164 2293 259 2353 Giuss.
287 2290 323 2352 iu
350 2290 463 2354 iuuetis
487 2295 631 2352 sententie
654 2310 713 2352 uon
736 2299 816 2352 recte
844 2299 963 2370 accepta
985 2292 1047 2352 Lm.
1069 2289 1105 2353 Β.
1131 2294 1167 2355 es.

162 2382 198 2441 ud
222 2381 235 2440 I
258 2378 323 2442 990
337 2400 380 2459 sq.
409 2387 437 2440 et
466 2380 501 2440 ad
528 2379 555 2439 II
581 2378 655 2441 474.
678 2378 749 2461 -ΙΙ
768 2377 984 2442 1010-1018
1009 2379 1020 2460 ΙΙ
1044 2382 1080 2441 cf.
1100 2399 1167 2442 aum

162 2468 260 2549 philol.
281 2465 366 2531 1875
385 2487 412 2547 p.
430 2465 494 2529 623
514 2474 543 2528 et
562 2487 650 2546 supra
668 2488 695 2547 p.
708 2468 793 2528 XVII.
808 2503 850 2511 —
871 2466 955 2530 1026
968 2469 1169 2548 ptiueipio

162 2557 221 2627 00.
235 2556 334 2634 vulgo:
353 2556 389 2616 de
408 2556 580 2616 anacolutho
599 2575 624 2615 v.
639 2576 666 2635 p.
681 2556 773 2615 XXIII
784 2555 934 2636 percipit)
947 2556 1008 2618 Lm.
1022 2555 1169 2637 suspicite

162 2644 193 2704 B.
213 2644 265 2704 Mr.
285 2677 327 2687 -
348 2641 432 2704 1029
456 2645 568 2705 eusteut
583 2643 671 2704 Orell.
690 2644 751 2704 Lm.
771 2647 869 2707 esseut
890 2645 949 2717 00.
967 2645 998 2705 B.
1020 2679 1059 2688 -
1081 2643 1169 2708 1030

162 2731 191 2794 si
213 2731 279 2793 siut
299 2729 411 2793 obieeta
434 2731 492 2802 00.
510 2751 555 2810 vg.
574 2731 635 2792 Lm.
654 2732 706 2793 ΜΓ.
727 2731 796 2794 uisu
817 2731 950 2795 subieetu
968 2734 998 2793 B.
1020 2768 1058 2777 -
1082 2731 1169 2796 1054

163 2819 287 2899 etipse,
305 2820 404 2899 philol.
422 2819 498 2879 XXV
513 2818 554 2882 89
570 2840 625 2899 sq.:
646 2823 675 2882 et
691 2820 762 2900 ipsu
780 2821 837 2893 00.
858 2823 922 2882 edd.
937 2855 979 2866 -
996 2819 1079 2884 1057
1099 2839 1169 2884 euu-

163 2911 268 2989 meu,
301 2908 371 2969 ibid.
399 2928 426 2987 p.
458 2906 513 2969 90:
549 2907 681 2970 eeuieetu
712 2909 770 2980 OQ.
806 2913 944 2972 eoueeetu
976 2909 1038 2970 Lm.
1065 2910 1096 2971 B.
1124 2943 1170 2955 -

166 2993 382 3058 1066-1068
401 3014 483 3057 uuue
501 3003 538 3058 et
554 2995 721 3059 seuiuibus
736 2995 785 3059 si.
799 2997 918 3061 .omuis
935 3000 1051 3078 sique
1064 2997 1171 3061 eutem

162 3087 279 3145 uutuuu
295 3086 410 3160 uuuet,
436 3085 535 3163 philol.
554 3085 630 3144 XXV
649 3083 704 3146 90:
725 3119 762 3129 -
780 3134 787 3147 .
807 3134 813 3146 .
833 3135 839 3147 .
862 3086 910 3148 uis
931 3086 1036 3149 eudem
1053 3089 1171 3150 uetusta

164 3173 222 3244 00.
241 3190 278 3234 uu
291 3170 465 3248 semiuibus,
487 3171 559 3234 si..
575 3220 581 3232 .
595 3172 703 3254 omuis,
722 3173 791 3253 quis
809 3173 870 3235 Lm.
890 3175 920 3234 B.
936 3209 980 3219 —
995 3173 1080 3238 1076
1100 3173 1170 3238 uui·

163 3257 311 3322 uirtutes
332 3259 420 3322 iuiee
441 3263 578 3323 meutem.
614 3261 723 3322 ka.:
746 3261 846 3324 iudice
866 3266 963 3326 uum
982 3264 1040 3335 00.
1059 3261 1172 3327 iustute

166 3343 297 3432 (iustite)
322 3345 456 3410 Memmi
478 3350 601 3410 Gronov.
620 3349 682 3410 Lm.
701 3350 733 3411 B.
752 3350 837 3412 uttiee
858 3354 987 3414 uiuum
1005 3353 1110 3434 Tohte,
1134 3354 1171 3415 ef.

165 3456 231 3498 ann.
257 3436 373 3498 Lueret.
399 3436 483 3499 1879
507 3457 534 3516 p.
559 3434 601 3500 95
625 3437 721 3499 Giuss.
744 3437 899 3501 auituuiiu
920 3438 985 3502 siut
1005 3438 1172 3504 deeimeuto

155 3525 228 3585 Poll.
250 3526 289 3586 de
311 3534 364 3586 ert.
391 3544 451 3586 voe.
469 3545 499 3606 p.
518 3523 571 3589 28.
594 3559 637 3570 ·-
657 3523 742 3590 1085
765 3526 846 3608 quui
865 3526 937 3591 uiue
956 3531 1175 3609 peuerutumst
