2430 3878
22 225 26 237 1
98 143 118 206 2
593 144 606 196 I

96 294 130 346 26
151 306 224 367 quos
249 306 302 367 ego
326 289 362 349 de
386 307 487 349 rerum
509 296 614 350 natura
636 307 765 367 pangere
788 306 880 349 conor

148 375 340 437 Memmiadae
363 383 478 457 nostro,
503 393 591 454 quem
612 384 660 457 tu,
683 377 750 457 dea,
773 384 906 455 tempore
930 378 962 437 in
985 377 1073 437 omni

151 464 288 526 omnibus
311 472 447 526 ornatum
469 465 589 526 11111111
614 464 756 525 excellere
780 464 879 525 rebus.

150 571 208 632 quo
231 555 324 631 magis
347 560 500 614 aeternum
522 553 558 612 da
583 553 682 633 1111111,
707 553 785 633 diva,
808 552 948 632 leporem.

151 641 233 701 effice
256 649 290 703 ut
312 643 425 702 interea
448 641 510 701 fera
528 658 667 701 moenera
689 641 807 701 militiai

97 735 131 784 30
149 747 204 809 per
225 731 317 790 maria
340 749 374 790 ac
397 736 492 789 terras
516 730 611 788 omnis
635 731 730 806 sopita
753 731 919 808 quiescantz

149 836 218 878 nam
239 825 274 879 tu
296 817 358 878 sola
380 824 464 896 potes
488 816 645 895 tranquilla
667 835 739 895 pace
762 819 863 878 iuvare

150 905 296 987 mortalis,
319 907 456 984 quoniam
479 905 550 965 belli
573 905 635 977 iera
658 923 798 966 moenera
820 905 935 966 Mavors

151 997 332 1073 armipotens
355 996 444 1076 regit,
467 995 499 1053 in
522 994 667 1072 gremium
690 996 742 1072 qui
765 1012 851 1072 saepe
875 1001 959 1055 tuum
984 1012 1016 1055 se

150 1085 236 1144 reicit
259 1090 378 1143 aeterno
403 1082 534 1142 devictus
558 1081 823 1162 1111111111111,

98 1177 239 1249 35111111
261 1173 301 1231 ita
325 1173 505 1251 suspiciens,
527 1172 616 1231 tereti
640 1172 753 1231 cervice
777 1176 909 1251 reposto,

150 1260 245 1338 pascit
267 1277 366 1318 amore
389 1259 502 1338 avidos,
525 1259 641 1318 inhians
665 1260 696 1317 in
718 1264 761 1339 11,
784 1259 851 1339 dea,
874 1261 969 1340 visne,

151 1365 226 1426 eque
249 1354 300 1406 tuo
323 1346 433 1426 pendet
455 1348 589 1425 resupini
612 1348 735 1425 spiritus
759 1364 818 1406 ore.

149 1435 297 1515 1111111,
320 1434 399 1515 diva,
422 1442 473 1494 tuo
496 1433 686 1494 recubantem
710 1453 833 1514 corpore
857 1441 958 1496 sancto

151 1525 263 1582 circum
287 1523 350 1583 lusa
374 1541 476 1602 super,
500 1524 597 1582 suavis
622 1541 658 1582 111
681 1541 732 1583 111
755 1522 897 1602 loquellas

97 1619 133 1667 40
152 1610 369 1690 funde-petens
392 1609 536 1689 placidam
559 1609 713 1690 Romanis,
736 1611 860 1693 incluta,
882 1630 999 1690 pacem:

151 1716 219 1759 nam
241 1717 338 1776 neque
361 1716 415 1758 nos
438 1715 525 1776 agere
548 1698 604 1760 boc
626 1700 732 1778 patriai
754 1707 887 1778 tempore
911 1701 1014 1778 iniquo

149 1805 308 1866 possumus
331 1804 424 1864 aequo
448 1788 545 1846 animo
568 1805 624 1847 nec
646 1786 765 1847 Memmi
788 1787 865 1848 clara
887 1806 1018 1867 propago
1080 1796 1085 1831 '-

150 1874 258 1935 talibus
281 1877 312 1935 in
335 1874 425 1935 rebus
449 1877 598 1936 communi
621 1874 707 1936 desse
730 1875 826 1935 saluti.

591 2016 608 2055 ’l‘

98 2144 134 2198 50
150 2132 159 2222 ll
171 2139 248 2218 quod
273 2157 362 2218 super
385 2146 443 2220 est,
466 2158 572 2201 vacuas
596 2141 676 2200 auris
699 2142 888 2218 animumque
913 2159 1049 2220 sagacem
1077 2157 1105 2198 so

97 2233 296 2288 4111111111]
318 2246 335 2287 a
358 2230 438 2288 curis
457 2228 562 2289 adhibe
585 2246 683 2288 veram
706 2228 742 2288 ad
765 2230 923 2309 rationem,

149 2335 187 2376 ne
211 2334 275 2376 mea
299 2315 374 2376 dona
397 2315 453 2375 tibi
476 2317 574 2377 studio
598 2316 728 2395 disposta
751 2315 844 2396 fideli,

150 2403 299 2464 intellecta
321 2406 405 2483 prius
428 2422 515 2482 quam
539 2407 610 2484 sint,
634 2410 800 2482 contempta
817 2403 982 2494 relinquas.

150 2510 219 2552 nam
240 2491 296 2551 tibi
319 2491 355 2551 de
379 2506 491 2552 summa
515 2492 589 2552 caeli
611 2494 724 2552 ratione
748 2488 898 2571 deumque

98 2584 134 2637 55
150 2579 328 2639 disserere
320 2581 472 2660 incipiam,
496 2587 526 2640 et
547 2598 648 2641 rerum
670 2580 831 2659 primordia
854 2581 993 2664 pandam,
1073 2596 1101 2638 11

96 2674 131 2724 5ο
150 2667 228 2728 unde
252 2669 348 2727 omnis
371 2674 474 2737 natura
498 2676 578 2729 creet
600 2687 662 2748 res,
687 2675 797 2749 auctet,
820 2669 948 2750 alatque,
1096 2678 1100 2683 ’

151 2774 244 2835 quove
267 2756 370 2816 eadem
393 2774 513 2817 rursum
535 2764 638 2817 natura
662 2764 813 2835 perempta
836 2757 975 2818 resolvat:

151 2864 224 2923 quae
248 2863 302 2904 nos
325 2846 479 2904 materiem
503 2853 532 2905 11
554 2845 692 2924 genitalia
715 2862 838 2924 corpora
861 2845 950 2907 rebus

150 2932 302 2993 reddunda
325 2934 356 2992 in
379 2935 492 2993 ratione
515 2951 619 2994 vocare
644 2941 673 2993 11
696 2935 808 2993 semina
830 2951 932 2994 rerum

97 3027 134 3077 60
151 3021 297 3100 appellare
322 3026 441 3082 suemus
464 3022 588 3082 ethaeo
612 3022 714 3082 eadem
737 3039 881 3100 usurpare
1073 3034 1101 3076 6⁰

98 3115 130 3166 65
151 3127 273 3188 corpora
296 3112 403 3190 prima,
428 3110 505 3188 quod
529 3129 565 3170 111
589 3110 647 3169 illis
672 3117 740 3170 sunt
763 3112 860 3170 omnia
882 3107 1025 3189 primisll
1097 3120 1101 3153 ³

195 3197 327 3257 Humana
351 3206 417 3258 ante
441 3197 541 3258 oculos
565 3199 649 3258 foede
673 3216 740 3259 cum
762 3200 820 3258 vita
843 3199 953 3260 iaceret

150 3289 181 3345 in
204 3288 293 3346 terris
317 3304 457 3365 oppressa
480 3288 561 3365 gravi
584 3287 638 3347 sub
662 3286 817 3367 religione,

150 3393 224 3453 quae
248 3381 336 3453 caput
358 3393 373 3434 a
397 3374 470 3435 caeli
493 3374 663 3453 regionibus
688 3375 860 3435 ostendebat

368 3460 527 3542 [44-49]
544 3491 584 3512 =
599 3463 625 3523 n
639 3460 821 3527 141-111.
