2430 3878
148 199 192 263 84
629 198 669 252 111

219 346 296 424 quod
320 346 385 406 fieri
407 352 502 406 totum
525 353 627 406 contra
648 346 803 406 manifesta
825 345 911 405 docet
934 363 997 406 res:
1124 368 1163 409 ceo

149 450 200 501 cao
219 452 344 512 namque
367 436 408 494 ita
432 441 571 494 conexast
591 452 646 512 per
667 452 756 494 venas
779 435 891 493 viscera
914 452 1023 494 nervos

220 540 357 602 ossaque,
381 524 424 581 uti
447 521 551 582 dentes
575 540 691 600 quoque
715 539 805 582 sensu
826 523 1058 603 participantum

219 609 341 670 morbus
363 615 396 669 ut
418 609 542 690 indicat,
565 616 595 670 et
617 609 723 687 gelidai
746 612 876 687 stringor
898 612 999 689 aquai,

220 705 249 758 et
271 697 345 776 lapis
369 715 528 776 oppressus
551 697 649 758 subito
672 697 719 758 his
742 717 758 758 e
782 696 916 776 frugibus
940 715 1036 776 asper.
1121 721 1160 761 333

220 804 310 864 quare
318 788 406 846 etiam
414 793 500 863 atque
509 788 700 864 etiamneque
708 787 831 864 originis
839 786 1110 863 esseputandumst
1120 810 1159 850 aso

150 891 201 941 690
220 876 350 952 expertis
373 876 484 934 animas
507 891 562 934 nec
585 873 637 934 leti
659 873 723 952 lege
747 873 870 933 solutas:

219 980 287 1023 nam
309 980 406 1040 neque
428 968 509 1021 tanto
533 980 622 1040 opere
645 962 762 1022 adnecti
784 963 916 1040 potuisse
938 962 1136 1040 putandumst

220 1049 394 1128 corporibus
416 1052 526 1110 nostris
550 1053 734 1110 extrinsecus
756 1052 934 1129 insinuatae,

219 1157 288 1217 nec,
310 1144 370 1198 tam
393 1144 545 1198 contextae
569 1156 636 1198 cum
659 1141 731 1218 sint,
754 1141 835 1198 exire
858 1138 996 1198 videntur
1120 1160 1160 1202 ces

220 1225 383 1287 incolumes
405 1244 493 1304 posse
517 1232 546 1286 et
569 1225 662 1286 salvas
685 1225 835 1286 exsolvere
859 1244 925 1287 sese

151 1330 202 1380 ooo
222 1313 357 1374 omnibus
381 1332 396 1374 e
420 1316 518 1374 nervis
541 1322 628 1392 atque
652 1313 769 1374 ossibus
792 1314 991 1392 articulisque.

222 1403 299 1481 quod
322 1404 348 1461 si
371 1402 446 1462 forte
468 1408 554 1480 putas
577 1404 761 1462 extrinsecus
783 1404 960 1462 insinuatam

220 1508 393 1568 permanare
416 1492 542 1550 animam
564 1489 650 1550 nobis
672 1508 727 1569 per
749 1489 881 1550 membra
904 1489 1013 1570 solere,

221 1586 302 1638 tanto
325 1580 434 1656 quique
457 1579 550 1656 magis
574 1596 641 1638 cum
664 1596 787 1656 corpore
810 1578 875 1638 fusa
897 1578 1015 1656 peribit.
1120 1602 1158 1643 roo

221 1660 230 1748 ll
244 1666 321 1743 quod
344 1672 497 1743 permanat
519 1668 611 1746 enim,
634 1666 817 1746 dissolvitur,
839 1668 942 1751 ipterit
963 1664 1076 1748 ergoll

152 1770 203 1820 700
223 1753 396 1832 dispertitus
418 1756 497 1814 enim
520 1772 574 1832 per
597 1753 694 1814 caulas
717 1756 850 1832 corporis
874 1756 970 1814 omnis

221 1849 254 1903 ut
277 1841 373 1922 cibus,
395 1844 427 1901 in
450 1842 581 1901 membra
603 1850 690 1920 atque
714 1849 795 1902 artus
819 1861 886 1902 cum
909 1842 1021 1903 diditur
1045 1847 1157 1923 omnis,

221 1930 346 2008 disperit
368 1937 454 2008 atque
478 1930 564 1990 aliam
586 1937 720 1991 naturam
744 1931 853 1990 sufficit
876 1949 912 1991 33
936 1949 981 2011 se,

222 2021 265 2079 sic
288 2021 383 2078 anima
406 2025 493 2096 atque
516 2020 632 2078 animus
655 2021 787 2097 quamvis
809 2021 924 2097 integra
941 2036 1048 2080 recens
1067 2017 1103 2080 a'a
1118 2041 1157 2083 333

222 2125 329 2184 corpus
353 2114 436 2185 eunt,
458 2113 556 2166 tamen
579 2108 611 2166 in
633 2106 777 2166 manando
800 2106 1017 2188 dissoluuntur,

152 2211 203 2260 705
222 2195 292 2255 dum
315 2197 399 2273 quasi
420 2212 475 2272 per
497 2193 595 2254 caulas
618 2197 713 2254 omnis
737 2194 878 2255 diduntur
900 2197 932 2255 in
954 2202 1037 2256 artus

220 2281 380 2362 particulae
404 2282 511 2360 quibus
534 2281 606 2342 haec
630 2284 720 2342 animi
741 2289 845 2343 natura
868 2291 999 2364 creatur,

222 2390 295 2450 quae
319 2372 450 2430 nuncin
474 2377 576 2429 nostro
600 2370 768 2431 dominatur
790 2388 914 2449 corpore
936 2378 1005 2431 nata

222 2457 328 2518 exilia
352 2476 426 2535 quae
449 2466 512 2518 tum
534 2460 624 2536 periit
645 2461 752 2537 partita
775 2477 829 2537 per
852 2466 941 2519 artus.
1120 2483 1159 2522 uo

222 2552 400 2623 quapropter
422 2563 518 2623 neque
541 2545 630 2605 natali
652 2549 764 2625 privata
788 2546 904 2607 videtur

152 2649 202 2698 710
222 2652 287 2693 esse
311 2633 358 2692 die
381 2639 484 2693 natura
507 2636 620 2694 animae
643 2653 699 2694 nec
722 2635 835 2695 funeris
858 2653 973 2713 expers.

265 2721 382 2781 Semina
404 2727 556 2799 praeterea
578 2721 762 2803 linquontur,
785 2741 892 2803 necne,
915 2725 1025 2784 animai

220 2828 344 2888 corpore
366 2811 398 2868 in
421 2806 576 2870 exanimo?
613 2811 691 2888 quod
714 2813 740 2871 si
761 2810 912 2871 lincuntur
935 2818 965 2872 et
986 2815 1104 2893 insunt,

219 2898 291 2958 baut
313 2899 370 2957 erit
392 2905 426 2957 ut
447 2899 553 2958 merito
575 2898 740 2958 inmortalis
761 2901 856 2977 possit
878 2899 995 2981 haberi,
1119 2924 1159 2964 333

220 2985 352 3064 partibus
376 2988 492 3045 amissis
516 2989 654 3064 quoniam
676 2986 766 3047 libata
788 2990 927 3047 recessit:

150 3090 202 3138 715
222 3077 267 3133 sin
290 3077 330 3133 ita
354 3075 478 3133 sinceris
501 3074 642 3134 membris
665 3074 759 3135 ablate
781 3076 926 3156 profugit,

220 3168 253 3222 ut
276 3161 370 3222 nullas
392 3164 484 3240 partis
508 3165 685 3242 incorpore
709 3162 829 3242 liquerit
853 3182 889 3224 ex
913 3182 960 3245 se,

220 3250 299 3310 unde
322 3249 461 3310 cadavera
484 3253 617 3310 rancenti
639 3253 697 3310 iam
720 3254 833 3311 viscere
857 3270 973 3312 vermes
1063 3269 1067 3274 ·

222 3340 369 3419 expirant,
393 3346 480 3416 atquc
503 3338 580 3398 unde
604 3341 786 3400 animantum
809 3343 893 3418 copia
916 3347 997 3401 tanta
1121 3365 1161 3404 uo

222 3443 292 3485 exos
316 3432 345 3486 et
368 3428 524 3505 exsanguis
548 3427 677 3487 tumidos
700 3427 877 3506 perfluctuat
895 3425 999 3489 artus?

137 3528 190 3577 720
211 3514 294 3593 quod
315 3517 344 3576 si
369 3515 449 3578 forte
473 3517 588 3579 animas
613 3518 800 3578 extrinsecus
818 3518 968 3576 ’3333333333
