2430 3878
583 194 623 249 111
1065 178 1107 257 io

170 340 213 405 ‘at
235 343 357 404 dimissa
380 344 477 403 anima
500 360 608 421 corpus
632 349 712 403 caret
735 342 866 421 undiquc
890 359 993 402 sensu:

170 432 269 513 perdit
291 433 371 492 enim
395 431 473 510 quod
495 448 555 491 non
577 433 731 511 proprium
754 431 810 490 fuit
833 432 898 491 eius
920 433 952 490 in
975 423 1067 490 aero?

596 538 615 576 1ΙΚ

171 607 322 686 multaque
344 614 499 686 practerea
521 607 620 686 perdit
643 625 731 686 quam
754 605 876 685 pellitur
898 612 974 667 ante.
1030 625 1032 628 ’

217 695 320 757 Dicere
343 714 432 774 porro
456 694 557 756 oculos
579 694 690 756 nullam
713 712 777 755 rem
800 712 923 756 cernere
945 711 1048 776 posse,

99 802 154 853 ato
173 783 226 846 sed
247 802 302 864 per
324 801 376 844 eos
400 786 529 844 animum
553 792 586 844 ut
608 783 722 845 iuribus
746 790 879 862 spectare
902 782 1042 864 reclusis,

173 872 335 952 difficilest,
359 880 460 932 contra
484 890 551 932 cum
574 889 680 932 sensus
703 871 781 932 dicat
803 889 919 951 eorum3

174 978 279 1022 sensus
302 962 382 1021 enim
404 960 494 1020 trahit
517 967 605 1039 atque
628 962 707 1020 acies
730 958 861 1020 detrudit
884 958 921 1019 ad
943 960 1023 1037 ipsas

599 1068 616 1104 ss

173 1135 285 1215 fulgida
306 1138 484 1215 praesertim
507 1154 574 1197 oum
596 1153 719 1196 cernere
743 1153 831 1214 saepe
854 1137 1025 1215 nequimus,

173 1224 286 1285 lumina
307 1223 469 1285 luminibus
494 1226 563 1303 quia
584 1223 670 1284 nobis
692 1223 932 1303 praepediuntur.

101 1313 254 1393 estquod
280 1311 393 1374 foribus
422 1330 483 1373 non
505 1313 551 1373 dt:
578 1330 675 1391 neque
698 1314 778 1372 enim
800 1330 857 1390 qua
880 1313 1029 1372 cernimus
1051 1312 1109 1389 ipsi

174 1403 250 1462 ostia
273 1403 438 1480 suscipiunt
460 1400 553 1461 ullum
575 1400 690 1461 reclusa
712 1399 851 1460 laborem.

173 1497 327 1570 praeterea
349 1492 376 1549 si
398 1507 452 1568 pro
475 1488 589 1549 foribus
613 1495 681 1550 sunt
703 1488 815 1549 lumina
837 1494 950 1568 nostra,

174 1581 233 1637 iam
255 1579 349 1656 magis
373 1580 517 1656 exemptis
540 1576 633 1637 oculis
656 1576 765 1638 debere
787 1575 903 1636 ridetur

175 1683 298 1726 cernere
321 1683 370 1726 res
393 1668 508 1727 animus
532 1664 654 1726 sublatis
676 1663 811 1744 postibus
834 1666 916 1744 ipsis.

100 1769 157 1820 3⁷0
219 1753 294 1814 lllnd
316 1755 348 1814 in
370 1754 417 1814 his
440 1753 530 1814 rebus
553 1771 738 1833 nequaquam
761 1770 877 1813 sumere
900 1753 1011 1832 possis,

176 1840 337 1902 Democriti
366 1843 441 1921 quod
474 1848 574 1902 sancta
596 1843 653 1901 viri
675 1843 821 1902 sententia
843 1842 940 1920 ponit,

176 1931 309 2008 corporis
332 1936 420 2008 atque
443 1931 534 1991 anim
555 1929 730 2010 primordia,
754 1928 867 2008 singula
889 1929 981 2007 priris

176 2017 321 2099 adposita,
344 2017 466 2078 alternis
488 2019 615 2098 variare,
638 2036 672 2078 ao
694 2024 814 2078 nectere
837 2016 977 2077 membra.

176 2124 245 2166 nam
267 2124 335 2168 cum
357 2106 448 2166 multo
472 2113 541 2166 sunt
563 2108 678 2166 animae
701 2105 846 2166 elementa
868 2106 983 2164 minora

102 2209 265 2273 braquam
288 2193 397 2273 quibus
419 2212 436 2253 c
458 2211 566 2273 corpus
590 2193 676 2253 nobis
699 2200 729 2254 et
750 2195 863 2253 viscera
885 2197 1033 2271 constant,

177 2290 241 2343 tum
263 2299 387 2342 numero
411 2299 528 2361 quoque
551 2282 717 2342 concedunt
739 2287 770 2341 et
791 2298 857 2340 rara
879 2297 934 2359 per
956 2286 1037 2339 artus

178 2370 282 2430 dissita
305 2376 375 2431 sunt
397 2370 559 2450 dumtaxat3
582 2376 616 2430 ut
637 2370 693 2430 hoc
715 2370 888 2448 promittere
911 2369 1022 2449 possis,

178 2456 322 2537 quantula
338 2460 434 2537 prima
457 2464 567 2537 queant
587 2457 674 2518 nobis
697 2459 805 2518 iniecta
827 2459 906 2517 ciere

178 2563 301 2625 corpora
324 2546 484 2607 sensiferos
507 2553 604 2606 motus
627 2548 660 2606 in
682 2563 820 2627 corpore,
841 2551 921 2606 tanta

105 2649 160 2700 880
177 2634 329 2694 intervalla
351 2641 454 2695 tenere
477 2635 598 2695 exordia
619 2636 703 2713 priva
725 2635 840 2694 animai.

177 2740 246 2782 nam
268 2740 364 2801 neque
386 2721 517 2801 pulveris
540 2723 690 2783 interdum
712 2723 856 2783 sentimus
879 2721 1038 2781 adhaesum

177 2827 301 2889 corpore
324 2829 380 2871 neo
402 2810 544 2871 membris
566 2813 715 2871 incussam
739 2809 836 2871 sidere
860 2817 983 2890 cretam,

125 2957 126 2960 ,
177 2916 233 2959 nec
256 2897 394 2959 nebulam
414 2905 505 2959 noctu
527 2917 623 2978 neque
647 2900 729 2958 arani
751 2899 848 2958 tenvia
871 2896 919 2956 tila

179 2984 263 3047 obvia
286 2990 443 3066 sentimus,
466 2986 582 3065 quanm
605 2985 769 3047 obretimur
791 2991 909 3064 euntes,

106 3089 159 3140 385
178 3093 234 3135 nec
257 3093 364 3154 supera
387 3083 474 3153 caput
498 3074 631 3135 eiusdem
654 3075 797 3135 cecidisse
819 3075 927 3132 vietam

177 3171 303 3244 vestem,
325 3181 380 3224 neo
403 3163 518 3242 plumas
541 3165 637 3223 avium
660 3179 830 3242 papposque
853 3159 990 3240 volantis,

179 3253 231 3330 qui
254 3254 345 3312 nimia
368 3252 485 3312 levitate
510 3251 618 3312 cadunt
638 3250 813 3329 plerumque
836 3250 990 3328 gravatim,

178 3357 234 3400 nec
256 3342 387 3418 repentis
410 3342 485 3401 itum
508 3341 766 3418 cuiusvisoumque
790 3339 948 3398 animantis

170 3429 335 3508 sentimus,
358 3446 413 3489 nec
435 3429 518 3507 priva
540 3426 650 3506 pedum
672 3428 796 3504 vestigia
819 3443 966 3505 quaeque,

105 3531 159 3582 890
178 3533 302 3595 oorpore
325 3534 400 3595 quae
423 3518 454 3576 in
476 3523 580 3577 nostro
604 3514 716 3577 cedices
738 3522 770 3577 et
792 3520 896 3576 cetera
911 3519 1043 3594 ponunt„
