2430 3878
577 201 616 255 VI

97 335 150 411 935
168 348 315 425 principio
338 347 372 407 fit
394 349 481 408 utin
504 347 653 426 speluncis
677 366 746 408 saxa
768 366 896 427 superne

169 434 278 494 sudent
299 453 402 495 umore
426 441 457 495 et
478 438 569 514 guttis
592 435 773 496 manantibu’
797 434 917 497 stillent.

169 529 269 583 manat
290 525 362 584 item
384 523 471 584 nobis
494 543 510 584 9
534 530 594 584 9999
619 542 743 602 corpore
767 524 871 605 sudor,

98 617 153 669 945
169 613 278 672 crescit
294 611 393 692 barba,
412 611 523 690 pilique
542 630 596 691 per
615 614 711 672 omnia
730 612 871 693 membra,
889 631 943 690 per
961 620 1052 674 artus.
1068 633 1108 677 aaa

170 699 281 760 diditur
303 703 335 761 in
357 718 447 760 renas
471 700 554 760 cibus
578 703 686 780 omnis,
709 708 796 779 auget
820 700 929 778 alitque

98 804 151 853 940
171 791 304 867 corporis
327 795 474 848 extremas
497 807 613 868 quoque
636 790 730 868 partis
753 787 996 867 unguiculosque.

169 868 179 960 ll
192 877 286 955 frigus
309 879 380 937 item
403 879 531 937 transire
554 895 609 955 per
631 895 695 957 aes,
718 877 904 957 calidumque
927 895 1079 957 vaporem,

170 968 329 1045 sentimus,
354 967 499 1025 sentimus
521 967 594 1026 item
616 967 744 1025 transire
767 983 822 1044 per
845 983 949 1025 aurum

98 1059 154 1112 950
170 1059 257 1133 atque
280 1071 335 1132 por
357 1060 520 1133 argentum,
544 1071 611 1113 cum
634 1052 740 1132 pocula
759 1053 846 1132 plena
864 1060 1009 1114 tenemus.
1027 1049 1038 1132 l
1068 1073 1107 1114 999

171 1141 298 1220 denique
320 1158 375 1220 per
397 1141 528 1220 dissepta
551 1140 705 1201 domorum
729 1159 816 1201 saxea
838 1159 925 1202 voces

98 1246 151 1296 945
170 1229 360 1310 pervolitant,
382 1237 536 1308 permanat
558 1229 631 1289 odor
654 1230 806 1308 frigusque
829 1247 977 1308 vaposque

170 1321 261 1399 ignis,
285 1319 336 1396 qui
358 1318 431 1378 ierri
454 1335 571 1396 quoquo
594 1320 654 1377 vim
677 1324 833 1396 penetrare
857 1319 961 1379 suevit.

171 1407 298 1487 denique
322 1424 380 1485 qua
403 1408 515 1467 circum
539 1405 610 1467 caeli
635 1405 727 1466 lorica
750 1410 868 1466 coercet

594 1513 611 1552 9

97 1588 155 1642 955
170 1582 305 1643 morbida
326 1584 430 1662 visque
454 1582 555 1664 simul,
578 1602 647 1644 cum
670 1585 854 1644 extrinsecus
878 1585 1053 1664 insinuatur,
1068 1602 1108 1645 995

595 1690 614 1730 a

172 1778 188 1820 9
210 1765 386 1838 tempestate
409 1761 543 1820 interra
566 1759 706 1839 caeloque
730 1766 871 1841 coortast,

99 1864 153 1915 959
171 1851 202 1908 in
225 1847 339 1908 caelum
362 1854 516 1926 terrasque
538 1856 667 1909 remotas
690 1851 755 1908 iure
778 1848 910 1926 lacessit3

172 1935 409 2016 quandoquidem
432 1935 474 1996 nil
497 1943 542 1995 est
564 1938 623 1996 nisi
645 1955 746 1996 rarum
769 1953 892 2015 corpore
915 1953 1031 1995 nexum.

214 2024 279 2085 Huc
302 2024 415 2085 accedit
436 2026 480 2084 uti
502 2041 562 2083 non
586 2027 696 2104 omnia,
720 2042 794 2101 quae
818 2026 966 2084 iaciuntur

99 2121 155 2172 969
172 2131 296 2192 corpora
319 2130 445 2191 crrmque
469 2111 505 2171 ab
528 2110 631 2192 rebus,
655 2112 759 2171 eodem
781 2110 913 2189 praedita
937 2128 1027 2171 sensu
1068 2134 1108 2174 999

171 2208 259 2281 atquo
283 2201 387 2261 eodem
408 2207 494 2279 pacto
518 2198 607 2260 rebus
632 2202 692 2260 sint
714 2198 851 2259 omnibus
874 2205 948 2277 apta.

100 2306 153 2357 955
170 2292 318 2369 principio
340 2296 452 2349 terram
475 2287 519 2349 sol
542 2290 680 2366 excoquit
703 2294 733 2348 et
755 2288 825 2347 facit
847 2304 911 2367 are,

172 2384 202 2438 at
223 2377 347 2457 glaciem
370 2376 504 2437 dissolvit
526 2377 645 2437 etaltis
668 2374 817 2435 montibus
840 2375 913 2435 altas

172 2473 379 2546 extructasque
402 2468 485 2526 nives
508 2464 599 2525 radiis
621 2464 774 2525 tabescere
798 2465 888 2542 cogit:

99 2563 156 2615 965
172 2555 299 2634 denique
323 2573 391 2615 cera
413 2554 527 2632 liquefit
548 2556 580 2613 in
603 2555 667 2614 eius
689 2559 773 2632 posta
796 2570 912 2631 vapore.
1068 2573 1108 2615 999

171 2645 249 2722 ignis
271 2645 343 2702 item
366 2642 511 2721 liquidum
534 2642 604 2702 iacit
625 2659 676 2702 999
699 2659 862 2720 aurumque
886 2640 1019 2722 resolvit,

99 2737 202 2800 99999
224 2732 304 2791 coria
327 2739 357 2791 et
380 2748 498 2791 carnem
520 2729 610 2790 trahit
633 2736 663 2790 et
685 2729 824 2790 conducit
846 2732 878 2789 in
900 2748 1000 2789 unum.

171 2837 258 2880 umor
281 2836 373 2898 aquae
395 2836 484 2897 porro
507 2818 619 2878 serrum
642 2817 785 2879 condurat
807 2816 844 2877 ab
867 2820 942 2898 igni,

171 2915 201 2969 at
223 2910 304 2968 99919
327 2912 358 2966 99
379 2924 499 2966 carnem
521 2906 616 2966 mollit
638 2906 742 2966 durata
765 2904 871 2965 calore.

98 3004 156 3057 970
171 2995 343 3075 barbigeras
367 2993 493 3056 oleaster
515 3013 550 3055 eo
573 2997 770 3074 iuratusque
794 2993 933 3074 capellas,
1068 3015 1108 3056 999

172 3083 272 3145 affluat
295 3083 440 3144 ambrosia
464 3086 547 3161 quasi
570 3102 653 3163 voro,
676 3089 706 3144 99
728 3090 847 3143 nectare
870 3083 994 3161 tinctns;

99 3190 151 3239 995
172 3192 229 3252 qua
251 3172 293 3232 nil
316 3178 362 3232 999
383 3171 498 3231 homini
521 3172 597 3250 quod
621 3171 740 3232 amariu’
763 3171 899 3241 frondeat
921 3187 996 3231 esca.

172 3262 299 3340 denique
322 3262 521 3320 amaracinum
543 3260 649 3337 fugitat
672 3278 723 3319 sus
746 3266 776 3319 et
797 3262 884 3320 timet
906 3277 992 3319 omne

947 1738 958 1765 b

170 3358 345 3428 ungentum:
369 3366 437 3409 nam
460 3349 614 3425 saetigeris
638 3345 729 3407 subus
753 3366 819 3408 acre
842 3356 1030 3429 venenumst3

97 3446 154 3499 975
171 3438 249 3517 quod
272 3456 327 3498 nos
349 3436 499 3498 interdum
522 3442 670 3514 tamquam
693 3453 828 3496 recreare
852 3436 977 3496 videtur.
1066 3456 1106 3498 999

171 3535 200 3586 99
223 3533 325 3587 contra
346 3525 433 3586 nobis
457 3541 581 3585 caenum
602 3526 776 3585 taeterrima
795 3542 867 3584 cum
887 3526 931 3583 sit
