2430 3878
116 189 142 243 X
478 187 758 244 PROLEGOMENA.

116 344 230 397 tantum
257 355 316 396 non
344 336 479 397 omnibus
507 336 661 415 epistulam
688 335 767 396 illam
796 336 887 397 edidit
913 340 944 397 in
971 356 1006 397 eo
1033 338 1118 419 libro,

116 428 168 505 qui
199 421 367 505 ‘Epicurea’
399 426 559 503 inscriptus
591 442 667 484 anno
701 421 786 487 1885
818 427 980 504 impressus
1012 434 1058 486 est
1087 430 1118 486 in

117 514 238 575 aedibus
260 513 291 574 B.
316 514 348 574 G.
372 513 528 574 Teubneri.
574 515 625 590 qui
649 511 725 572 liber
748 531 815 573 cum
838 512 893 573 alia
915 513 990 573 bona
1012 514 1119 574 babeat

116 602 251 683 plurima,
273 610 335 662 tum
358 601 430 662 illud
452 619 523 680 prae
542 603 660 681 ceteris,
683 600 760 679 quod
783 603 961 680 optimorum
984 602 1117 663 codicum

116 689 257 749 lectiones
281 709 338 750 uno
362 693 393 750 in
416 697 575 769 conspectu
597 688 796 767 inspiciendas
818 693 964 769 proponit.
1010 694 1117 769 scripsi

116 780 207 855 igitur
222 778 277 837 hac
295 777 420 838 Useneri
438 796 526 857 opera
546 778 662 837 adiutus
681 795 757 836 anno
777 773 862 839 1888
882 777 1117 838 dissertationem

117 866 152 925 de
181 872 345 925 atomorum
372 865 582 944 Epicureorum
609 873 692 926 motu
713 864 882 946 principali,
910 884 984 944 quae
1007 870 1117 927 inserta

116 960 161 1013 est
189 952 444 1014 dissertationibus
469 953 653 1032 philologieis
674 953 800 1013 Martino
823 952 939 1014 Hertzio
967 955 1116 1015 dedicatis.

116 1041 242 1120 denique
274 1059 382 1121 nuper,
414 1042 432 1100 ’1
461 1059 485 1100 1.
521 1045 654 1120 proximo
685 1059 774 1123 anno,
806 1041 928 1120 Epicuri
960 1042 995 1101 de
1027 1045 1117 1102 animi

115 1132 287 1208 animaeque
323 1136 425 1189 natura
458 1129 621 1189 doctrinam
652 1129 781 1209 explicui
812 1128 911 1189 libello
944 1130 1116 1190 scholastico

114 1216 242 1277 Halensi.
294 1219 320 1277 si
347 1235 421 1295 quae
453 1224 605 1296 praeterea
635 1221 741 1298 scripsi
768 1218 804 1278 de
832 1218 951 1278 Lucreti
978 1221 1116 1297 carmine,

114 1308 295 1366 mentionem
317 1306 421 1365 faciam
444 1305 495 1365 ubi
517 1324 566 1365 res
589 1306 755 1385 postulabit.

202 1392 262 1453 lam
298 1400 332 1453 ut
367 1401 504 1472 appareat
539 1412 660 1454 necesse
692 1395 782 1455 luisse
815 1394 850 1454 de
882 1413 982 1454 rerum
1013 1401 1117 1455 natura

116 1483 254 1541 carminis
269 1480 466 1542 emendationi
475 1500 529 1561 pro
539 1482 727 1542 fundamento
737 1482 908 1542 substruere
918 1482 1116 1562 physiologiae

114 1569 277 1648 Epicureae
318 1571 527 1650 cognitionem,
567 1573 668 1649 paucis
697 1569 781 1629 locis
818 1589 853 1630 11
893 1589 996 1649 magna
1034 1574 1117 1650 copia

115 1656 297 1736 depromptis
324 1657 529 1718 demonstrabo
553 1665 582 1718 et
604 1657 821 1718 Lachmannum
844 1665 874 1719 et
896 1658 969 1718 alios
992 1677 1055 1719 eam
1079 1659 1115 1718 ob

49 1746 52 1753 '
115 1763 179 1805 rem
194 1764 280 1824 saepe
294 1764 442 1826 peccasse,
461 1745 538 1824 quod
552 1764 610 1826 res,
637 1764 709 1824 quas
733 1744 860 1824 explicat
877 1744 1044 1826 Lucretius,
1067 1755 1115 1807 aut

114 1852 174 1894 non
197 1836 418 1913 perspexissent
440 1841 489 1894 aut
511 1833 546 1893 ad
570 1853 619 1894 eas
642 1852 747 1913 parum
769 1834 961 1895 attenderent.
998 1837 1115 1895 initium

115 1923 219 1982 faciam
242 1921 278 1981 ab
300 1921 436 1981 versibus
459 1920 528 1981 libri
547 1920 638 1984 1622
657 1930 687 1982 et
700 1918 775 2003 625,
797 1922 848 1982 ubi
872 1930 943 2001 quot
960 1925 1018 1983 viri
1037 1923 1116 1983 docti

115 2009 306 2089 Lachmanni,
330 2028 417 2087 quem
439 2008 616 2088 Rernapsius
640 2017 759 2070 secutus
782 2018 840 2091 est,
863 2028 994 2071 errorem
1019 2014 1117 2071 convi-

115 2100 222 2179 cerint,
250 2096 326 2176 apud
349 2097 474 2157 Pollium
496 2097 595 2157 videas
619 2100 651 2157 in
675 2097 827 2158 annalibus
850 2097 908 2158 illis
931 2098 1116 2159 Lucretianis

116 2204 188 2264 quos
204 2205 292 2265 supra
306 2185 429 2246 laudavi.
461 2204 529 2246 cum
543 2188 621 2246 enim
631 2187 785 2247 Lucretius
797 2185 865 2246 inde
876 2205 891 2247 a
901 2205 989 2247 versu
999 2184 1062 2248 593
1074 2220 1115 2229 —

114 2274 166 2334 nbi
198 2293 267 2334 sane
299 2274 402 2334 lacuna
433 2281 477 2334 est
505 2307 547 2317 —
575 2293 668 2353 usque
697 2275 732 2335 ad
755 2293 871 2334 versum
900 2272 963 2337 621
992 2275 1030 2334 de'
1056 2282 1116 2336 ato-

114 2381 229 2422 morum
256 2362 388 2440 partibus
416 2365 547 2423 minimis
574 2362 743 2443 disputarit,
770 2381 844 2441 quae
867 2366 907 2423 ita
929 2369 963 2422 ut
986 2366 1117 2442 separari

114 2469 173 2510 non
196 2457 317 2529 possent
339 2457 473 2509 naturam
495 2453 628 2529 corporis
651 2449 803 2529 explerent
820 2453 839 2510 i.
854 2470 879 2512 e.
898 2458 1010 2511 atomos
1030 2470 1064 2511 11
1084 2471 1116 2512 11

115 2540 340 2617 constituerent,
366 2539 406 2596 ita
428 2541 524 2616 pergit
546 2547 579 2598 ut
601 2538 691 2618 dicat,
715 2535 852 2617 ‘deniqne
875 2541 902 2599 si
925 2542 1062 2600 minimas
1085 2543 1116 2599 in

113 2621 217 2706 partis'
246 2618 437 2708 (atomorum,
465 2644 523 2685 non
551 2629 581 2686 in
604 2634 716 2686 atomos
739 2621 866 2709 tantum)
889 2646 989 2688 rerum
1012 2636 1117 2689 natura

113 2732 163 2774 res
186 2712 355 2794 resolveret,
378 2714 509 2773 futurum
533 2732 597 2774 esse
622 2721 655 2774 ut
673 2714 715 2774 nil
733 2733 769 2774 ex
788 2717 832 2775 eis
850 2734 987 2794 reparare
1005 2724 1117 2796 posset,

113 2809 270 2881 propterea
298 2801 374 2880 qnod
403 2820 476 2880 quae
504 2801 593 2862 nullis
615 2803 748 2881 partibus
771 2810 871 2863 auctae
895 2811 995 2864 essent
1018 2837 1059 2846 —
1084 2812 1117 2865 ut

114 2897 277 2950 atomorum
298 2897 397 2968 partes
416 2892 554 2950 minimae
574 2924 625 2973 —,
643 2909 703 2951 non
720 2899 841 2970 possent
860 2910 893 2951 ea
910 2891 1029 2973 babere,
1052 2887 1117 2971 ‘per

114 2996 188 3056 quae
215 2996 264 3038 res
294 2996 426 3057 quaeque
454 2975 612 3056 gerantur’.
659 2998 732 3058 quae
759 2979 962 3040 Lachmannus
989 2983 1030 3040 ita
1057 2999 1117 3042 nou

114 3065 267 3145 intellexit,
288 3073 320 3125 ut
342 3065 477 3126 Lambini
499 3069 649 3127 inventum
673 3068 805 3146 probarit
826 3087 879 3147 pro
898 3069 936 3131 so·
952 3069 1000 3131 aot
1019 3077 1049 3130 et
1062 3087 1116 3147 pro

113 3150 232 3214 nullis
254 3149 380 3215 multis
404 3155 568 3216 scribentis.
610 3173 705 3234 neque
728 3155 834 3216 melius
857 3155 935 3216 idem
958 3174 1022 3216 rem
1041 3159 1118 3235 gerit

113 3245 144 3301 in
162 3241 226 3302 loco
247 3260 315 3302 sane
335 3242 507 3303 difficillimo
522 3241 741 3324 11100-107,
755 3243 806 3304 ubi
820 3244 894 3304 male
909 3244 1116 3324 distinguendo

113 3331 204 3390 elficit
230 3338 264 3391 nt
285 3338 371 3410 poeta
394 3350 462 3391 saxa
486 3339 515 3391 et
538 3332 649 3392 ferrum
671 3350 809 3411 magnum
832 3350 886 3411 per
908 3335 995 3393 inane
1017 3334 1117 3411 vagari

113 3418 203 3478 dicat:
240 3437 297 3497 quo
335 3422 366 3479 in
401 3419 466 3479 loco
498 3438 572 3498 quae
605 3422 670 3481 vitii
702 3421 788 3480 sedes
820 3427 899 3481 esset
930 3421 1018 3482 docui
1049 3439 1116 3481 ann.

88 3503 199 3568 philol,
226 3504 319 3566 1875
331 3526 363 3584 p.
386 3505 464 3589 627,
495 3509 647 3588 proiectus
678 3508 713 3569 ab
741 3511 835 3587 ipsius
861 3508 983 3587 Epicuri
1009 3509 1117 3591 verbis,
