<?xml version="1.0" encoding="UTF-8"?>
<!DOCTYPE html PUBLIC "-//W3C//DTD XHTML 1.0 Transitional//EN"
    "http://www.w3.org/TR/xhtml1/DTD/xhtml1-transitional.dtd">
<html xmlns="http://www.w3.org/1999/xhtml" xml:lang="en" lang="en">
 <head>
  <title>
</title>
<meta http-equiv="Content-Type" content="text/html;charset=utf-8" />
  <meta name='ocr-system' content='tesseract 3.04.00' />
  <meta name='ocr-capabilities' content='ocr_page ocr_carea ocr_par ocr_line ocrx_word'/>
</head>
<body>
  <div class='ocr_page' id='page_1' title='image "./tlucreticarider01carugoog_0276.png"; bbox 0 0 2430 3878; ppageno 0'>
   <div class='ocr_carea' id='block_1_1' title="bbox 589 205 1109 274">
    <p class='ocr_par' dir='ltr' id='par_1_1' title="bbox 589 205 1109 274">
     <span class='ocr_line' id='line_1_1' title="bbox 589 205 1109 274; baseline 0.008 -6"><span class='ocrx_word' id='word_1_1' title='bbox 589 213 628 268; x_wconf 86' lang='lat' dir='ltr'>VI</span> <span class='ocrx_word' id='word_1_2' title='bbox 1049 205 1109 274; x_wconf 73' lang='lat'>187</span> 
     </span>
    </p>
   </div>
   <div class='ocr_carea' id='block_1_2' title="bbox 99 359 1113 3614">
    <p class='ocr_par' dir='ltr' id='par_1_2' title="bbox 101 359 1113 1398">
     <span class='ocr_line' id='line_1_2' title="bbox 102 359 1112 440; baseline 0 -20"><span class='ocrx_word' id='word_1_3' title='bbox 102 367 160 420; x_wconf 81' lang='grc'>545</span> <span class='ocrx_word' id='word_1_4' title='bbox 176 359 280 421; x_wconf 85' lang='lat' dir='ltr'>subter</span> <span class='ocrx_word' id='word_1_5' title='bbox 301 360 353 421; x_wconf 93' lang='lat' dir='ltr'>ubi</span> <span class='ocrx_word' id='word_1_6' title='bbox 375 362 504 439; x_wconf 84' lang='lat' dir='ltr'>ingentis</span> <span class='ocrx_word' id='word_1_7' title='bbox 528 359 683 440; x_wconf 70' lang='lat' dir='ltr'>speluncas</span> <span class='ocrx_word' id='word_1_8' title='bbox 706 359 824 422; x_wconf 83' lang='lat' dir='ltr'>subruit</span> <span class='ocrx_word' id='word_1_9' title='bbox 846 367 939 421; x_wconf 88' lang='lat' dir='ltr'>aetas:</span> <span class='ocrx_word' id='word_1_10' title='bbox 1073 379 1112 421; x_wconf 79' lang='lat' dir='ltr'>na</span> 
     </span>
     <span class='ocr_line' id='line_1_3' title="bbox 102 449 980 531; baseline -0.009 -16"><span class='ocrx_word' id='word_1_11' title='bbox 102 466 159 515; x_wconf 80' lang='grc'>570</span> <span class='ocrx_word' id='word_1_12' title='bbox 179 451 288 529; x_wconf 86' lang='lat' dir='ltr'>quippe</span> <span class='ocrx_word' id='word_1_13' title='bbox 312 449 421 510; x_wconf 91' lang='lat' dir='ltr'>cadunt</span> <span class='ocrx_word' id='word_1_14' title='bbox 442 451 498 509; x_wconf 89' lang='lat' dir='ltr'>toti</span> <span class='ocrx_word' id='word_1_15' title='bbox 520 457 650 531; x_wconf 77' lang='lat' dir='ltr'>montes,</span> <span class='ocrx_word' id='word_1_16' title='bbox 672 467 836 528; x_wconf 87' lang='lat' dir='ltr'>magnoque</span> <span class='ocrx_word' id='word_1_17' title='bbox 858 454 980 528; x_wconf 88' lang='lat' dir='ltr'>reponte</span> 
     </span>
     <span class='ocr_line' id='line_1_4' title="bbox 176 535 871 618; baseline -0.003 -20"><span class='ocrx_word' id='word_1_18' title='bbox 176 555 324 598; x_wconf 88' lang='lat' dir='ltr'>concussu</span> <span class='ocrx_word' id='word_1_19' title='bbox 346 535 403 598; x_wconf 92' lang='lat' dir='ltr'>late</span> <span class='ocrx_word' id='word_1_20' title='bbox 427 537 599 617; x_wconf 88' lang='lat' dir='ltr'>disserpunt</span> <span class='ocrx_word' id='word_1_21' title='bbox 620 537 690 598; x_wconf 89' lang='lat' dir='ltr'>inde</span> <span class='ocrx_word' id='word_1_22' title='bbox 712 544 871 618; x_wconf 83' lang='lat' dir='ltr'>tremores3</span> 
     </span>
     <span class='ocr_line' id='line_1_5' title="bbox 177 625 1027 706; baseline -0.004 -20"><span class='ocrx_word' id='word_1_23' title='bbox 177 633 207 686; x_wconf 92' lang='lat' dir='ltr'>et</span> <span class='ocrx_word' id='word_1_24' title='bbox 228 628 349 706; x_wconf 87' lang='lat' dir='ltr'>merito,</span> <span class='ocrx_word' id='word_1_25' title='bbox 372 627 511 704; x_wconf 90' lang='lat' dir='ltr'>quoniam</span> <span class='ocrx_word' id='word_1_26' title='bbox 531 625 657 706; x_wconf 83' lang='lat' dir='ltr'>plaustri</span> <span class='ocrx_word' id='word_1_27' title='bbox 680 643 823 687; x_wconf 90' lang='lat' dir='ltr'>concussa</span> <span class='ocrx_word' id='word_1_28' title='bbox 843 630 1027 685; x_wconf 79' lang='lat' dir='ltr'>tremescunt</span> 
     </span>
     <span class='ocr_line' id='line_1_6' title="bbox 175 713 982 795; baseline -0.005 -20"><span class='ocrx_word' id='word_1_29' title='bbox 175 721 266 795; x_wconf 86' lang='lat' dir='ltr'>tecta,</span> <span class='ocrx_word' id='word_1_30' title='bbox 288 716 365 774; x_wconf 93' lang='lat' dir='ltr'>viam</span> <span class='ocrx_word' id='word_1_31' title='bbox 387 721 521 795; x_wconf 86' lang='lat' dir='ltr'>propter,</span> <span class='ocrx_word' id='word_1_32' title='bbox 544 732 604 775; x_wconf 95' lang='lat' dir='ltr'>non</span> <span class='ocrx_word' id='word_1_33' title='bbox 625 731 731 793; x_wconf 81' lang='lat' dir='ltr'>magno</span> <span class='ocrx_word' id='word_1_34' title='bbox 754 713 886 793; x_wconf 89' lang='lat' dir='ltr'>pondere</span> <span class='ocrx_word' id='word_1_35' title='bbox 909 718 982 793; x_wconf 87' lang='lat' dir='ltr'>tota,</span> 
     </span>
     <span class='ocr_line' id='line_1_7' title="bbox 102 801 1113 883; baseline 0 -22"><span class='ocrx_word' id='word_1_36' title='bbox 102 807 161 861; x_wconf 84' lang='grc'>550</span> <span class='ocrx_word' id='word_1_37' title='bbox 176 820 232 863; x_wconf 90' lang='lat' dir='ltr'>nec</span> <span class='ocrx_word' id='word_1_38' title='bbox 254 805 353 862; x_wconf 89' lang='lat' dir='ltr'>minus</span> <span class='ocrx_word' id='word_1_39' title='bbox 377 801 509 863; x_wconf 83' lang='lat' dir='ltr'>exultant</span> <span class='ocrx_word' id='word_1_40' title='bbox 531 820 594 883; x_wconf 78' lang='lat' dir='ltr'>res,</span> <span class='ocrx_word' id='word_1_41' title='bbox 616 809 650 863; x_wconf 91' lang='lat' dir='ltr'>ut</span> <span class='ocrx_word' id='word_1_42' title='bbox 672 801 739 881; x_wconf 89' lang='lat' dir='ltr'>lapi&#39;</span> <span class='ocrx_word' id='word_1_43' title='bbox 762 819 888 880; x_wconf 92' lang='lat' dir='ltr'>cumque</span> <span class='ocrx_word' id='word_1_44' title='bbox 910 801 969 860; x_wconf 90' lang='lat' dir='ltr'>viai</span> <span class='ocrx_word' id='word_1_45' title='bbox 1073 820 1113 861; x_wconf 80' lang='lat' dir='ltr'>cao</span> 
     </span>
     <span class='ocr_line' id='line_1_8' title="bbox 103 889 899 969; baseline -0.011 -11"><span class='ocrx_word' id='word_1_46' title='bbox 103 905 157 958; x_wconf 80' lang='grc'>575</span> <span class='ocrx_word' id='word_1_47' title='bbox 176 891 302 951; x_wconf 90' lang='lat' dir='ltr'>ferratos</span> <span class='ocrx_word' id='word_1_48' title='bbox 325 891 474 969; x_wconf 81' lang='lat' dir='ltr'>utrimque</span> <span class='ocrx_word' id='word_1_49' title='bbox 496 896 629 951; x_wconf 90' lang='lat' dir='ltr'>rotarum</span> <span class='ocrx_word' id='word_1_50' title='bbox 652 892 781 951; x_wconf 89' lang='lat' dir='ltr'>succutit</span> <span class='ocrx_word' id='word_1_51' title='bbox 802 889 899 950; x_wconf 91' lang='lat' dir='ltr'>orbes.</span> 
     </span>
     <span class='ocr_line' id='line_1_9' title="bbox 177 974 1068 1058; baseline -0.004 -20"><span class='ocrx_word' id='word_1_52' title='bbox 177 978 211 1038; x_wconf 85' lang='lat' dir='ltr'>fit</span> <span class='ocrx_word' id='word_1_53' title='bbox 234 995 364 1058; x_wconf 78' lang='lat' dir='ltr'>qnoque,</span> <span class='ocrx_word' id='word_1_54' title='bbox 386 977 439 1038; x_wconf 92' lang='lat' dir='ltr'>ubi</span> <span class='ocrx_word' id='word_1_55' title='bbox 460 981 492 1039; x_wconf 94' lang='lat' dir='ltr'>in</span> <span class='ocrx_word' id='word_1_56' title='bbox 515 997 635 1058; x_wconf 80' lang='lat' dir='ltr'>magnas</span> <span class='ocrx_word' id='word_1_57' title='bbox 658 997 747 1040; x_wconf 90' lang='lat' dir='ltr'>acnae</span> <span class='ocrx_word' id='word_1_58' title='bbox 770 984 926 1056; x_wconf 90' lang='lat' dir='ltr'>vastasque</span> <span class='ocrx_word' id='word_1_59' title='bbox 949 974 1068 1036; x_wconf 92' lang='lat' dir='ltr'>lacunas</span> 
     </span>
     <span class='ocr_line' id='line_1_10' title="bbox 176 1065 913 1146; baseline -0.003 -20"><span class='ocrx_word' id='word_1_60' title='bbox 176 1065 260 1146; x_wconf 79' lang='lat' dir='ltr'>gleba</span> <span class='ocrx_word' id='word_1_61' title='bbox 283 1073 427 1127; x_wconf 89' lang='lat' dir='ltr'>vetustate</span> <span class='ocrx_word' id='word_1_62' title='bbox 450 1084 467 1127; x_wconf 91' lang='lat' dir='ltr'>e</span> <span class='ocrx_word' id='word_1_63' title='bbox 489 1073 570 1127; x_wconf 88' lang='lat' dir='ltr'>terra</span> <span class='ocrx_word' id='word_1_64' title='bbox 592 1065 773 1146; x_wconf 86' lang='lat' dir='ltr'>provolvitur</span> <span class='ocrx_word' id='word_1_65' title='bbox 794 1069 913 1146; x_wconf 76' lang='lat' dir='ltr'>ingens,</span> 
     </span>
     <span class='ocr_line' id='line_1_11' title="bbox 175 1151 1002 1235; baseline -0.004 -20"><span class='ocrx_word' id='word_1_66' title='bbox 175 1161 210 1215; x_wconf 88' lang='lat' dir='ltr'>ut</span> <span class='ocrx_word' id='word_1_67' title='bbox 231 1157 357 1215; x_wconf 90' lang='lat' dir='ltr'>iactetur</span> <span class='ocrx_word' id='word_1_68' title='bbox 379 1173 471 1233; x_wconf 89' lang='lat' dir='ltr'>aquae</span> <span class='ocrx_word' id='word_1_69' title='bbox 493 1153 585 1215; x_wconf 83' lang='lat' dir='ltr'>ductu</span> <span class='ocrx_word' id='word_1_70' title='bbox 608 1174 726 1235; x_wconf 89' lang='lat' dir='ltr'>quoque</span> <span class='ocrx_word' id='word_1_71' title='bbox 747 1161 828 1215; x_wconf 90' lang='lat' dir='ltr'>terra</span> <span class='ocrx_word' id='word_1_72' title='bbox 850 1151 1002 1235; x_wconf 80' lang='lat' dir='ltr'>vacillans3</span> 
     </span>
     <span class='ocr_line' id='line_1_12' title="bbox 101 1239 1111 1323; baseline 0.002 -23"><span class='ocrx_word' id='word_1_73' title='bbox 101 1248 160 1300; x_wconf 84' lang='grc'>555</span> <span class='ocrx_word' id='word_1_74' title='bbox 176 1249 210 1303; x_wconf 92' lang='lat' dir='ltr'>nt</span> <span class='ocrx_word' id='word_1_75' title='bbox 230 1261 281 1303; x_wconf 92' lang='lat' dir='ltr'>vas</span> <span class='ocrx_word' id='word_1_76' title='bbox 303 1239 457 1304; x_wconf 78' lang='lat' dir='ltr'>interdum</span> <span class='ocrx_word' id='word_1_77' title='bbox 478 1261 539 1303; x_wconf 90' lang='lat' dir='ltr'>non</span> <span class='ocrx_word' id='word_1_78' title='bbox 562 1245 626 1322; x_wconf 88' lang='lat' dir='ltr'>quit</span> <span class='ocrx_word' id='word_1_79' title='bbox 648 1249 796 1323; x_wconf 81' lang='lat' dir='ltr'>constare,</span> <span class='ocrx_word' id='word_1_80' title='bbox 819 1244 878 1302; x_wconf 92' lang='lat' dir='ltr'>nisi</span> <span class='ocrx_word' id='word_1_81' title='bbox 902 1259 986 1302; x_wconf 89' lang='lat' dir='ltr'>umor</span> <span class='ocrx_word' id='word_1_82' title='bbox 1072 1262 1111 1302; x_wconf 79' lang='lat' dir='ltr'>sco</span> 
     </span>
     <span class='ocr_line' id='line_1_13' title="bbox 102 1330 843 1398; baseline -0.003 -4"><span class='ocrx_word' id='word_1_83' title='bbox 102 1347 158 1398; x_wconf 80' lang='lat' dir='ltr'>ooo</span> <span class='ocrx_word' id='word_1_84' title='bbox 177 1331 291 1392; x_wconf 87' lang='lat' dir='ltr'>destitit</span> <span class='ocrx_word' id='word_1_85' title='bbox 312 1333 345 1391; x_wconf 92' lang='lat' dir='ltr'>in</span> <span class='ocrx_word' id='word_1_86' title='bbox 367 1330 457 1391; x_wconf 93' lang='lat' dir='ltr'>dubio</span> <span class='ocrx_word' id='word_1_87' title='bbox 480 1330 572 1391; x_wconf 87' lang='lat' dir='ltr'>fluctu</span> <span class='ocrx_word' id='word_1_88' title='bbox 595 1333 733 1392; x_wconf 80' lang='lat' dir='ltr'>iactarier</span> <span class='ocrx_word' id='word_1_89' title='bbox 755 1333 843 1392; x_wconf 88' lang='lat' dir='ltr'>intus.</span> 
     </span>
    </p>

    <p class='ocr_par' dir='ltr' id='par_1_3' title="bbox 176 1417 1024 1677">
     <span class='ocr_line' id='line_1_14' title="bbox 220 1417 1024 1498; baseline -0.005 -18"><span class='ocrx_word' id='word_1_90' title='bbox 220 1417 376 1480; x_wconf 88' lang='lat' dir='ltr'>Praeterea</span> <span class='ocrx_word' id='word_1_91' title='bbox 397 1426 503 1479; x_wconf 88' lang='lat' dir='ltr'>vontus</span> <span class='ocrx_word' id='word_1_92' title='bbox 526 1436 593 1479; x_wconf 92' lang='lat' dir='ltr'>cum</span> <span class='ocrx_word' id='word_1_93' title='bbox 616 1437 671 1498; x_wconf 97' lang='lat' dir='ltr'>per</span> <span class='ocrx_word' id='word_1_94' title='bbox 693 1419 756 1480; x_wconf 93' lang='lat' dir='ltr'>loca</span> <span class='ocrx_word' id='word_1_95' title='bbox 779 1418 906 1480; x_wconf 83' lang='lat' dir='ltr'>subcava</span> <span class='ocrx_word' id='word_1_96' title='bbox 928 1425 1024 1478; x_wconf 92' lang='lat' dir='ltr'>terrae</span> 
     </span>
     <span class='ocr_line' id='line_1_15' title="bbox 176 1507 915 1586; baseline -0.003 -18"><span class='ocrx_word' id='word_1_97' title='bbox 176 1507 317 1568; x_wconf 89' lang='lat' dir='ltr'>collectus</span> <span class='ocrx_word' id='word_1_98' title='bbox 338 1513 423 1586; x_wconf 90' lang='lat' dir='ltr'>parte</span> <span class='ocrx_word' id='word_1_99' title='bbox 446 1526 482 1567; x_wconf 84' lang='lat' dir='ltr'>ex</span> <span class='ocrx_word' id='word_1_100' title='bbox 505 1525 564 1567; x_wconf 92' lang='lat' dir='ltr'>una</span> <span class='ocrx_word' id='word_1_101' title='bbox 585 1507 753 1586; x_wconf 89' lang='lat' dir='ltr'>procumbit</span> <span class='ocrx_word' id='word_1_102' title='bbox 775 1515 806 1568; x_wconf 90' lang='lat' dir='ltr'>et</span> <span class='ocrx_word' id='word_1_103' title='bbox 827 1513 915 1586; x_wconf 79' lang='lat' dir='ltr'>urget</span> 
     </span>
     <span class='ocr_line' id='line_1_16' title="bbox 176 1594 859 1677; baseline 0.001 -23"><span class='ocrx_word' id='word_1_104' title='bbox 176 1594 302 1656; x_wconf 87' lang='lat' dir='ltr'>obnixus</span> <span class='ocrx_word' id='word_1_105' title='bbox 323 1597 438 1673; x_wconf 83' lang='lat' dir='ltr'>magnis</span> <span class='ocrx_word' id='word_1_106' title='bbox 462 1594 616 1674; x_wconf 90' lang='lat' dir='ltr'>speluncas</span> <span class='ocrx_word' id='word_1_107' title='bbox 637 1595 750 1656; x_wconf 90' lang='lat' dir='ltr'>viribus</span> <span class='ocrx_word' id='word_1_108' title='bbox 773 1594 859 1677; x_wconf 85' lang='lat' dir='ltr'>altas,</span> 
     </span>
    </p>

    <p class='ocr_par' dir='ltr' id='par_1_4' title="bbox 100 1682 1111 3174">
     <span class='ocr_line' id='line_1_17' title="bbox 101 1682 1111 1764; baseline 0.002 -22"><span class='ocrx_word' id='word_1_109' title='bbox 101 1689 160 1742; x_wconf 87' lang='grc'>560</span> <span class='ocrx_word' id='word_1_110' title='bbox 176 1682 322 1744; x_wconf 89' lang='lat' dir='ltr'>incumbit</span> <span class='ocrx_word' id='word_1_111' title='bbox 344 1683 431 1743; x_wconf 90' lang='lat' dir='ltr'>tellus</span> <span class='ocrx_word' id='word_1_112' title='bbox 454 1701 513 1763; x_wconf 94' lang='lat' dir='ltr'>quo</span> <span class='ocrx_word' id='word_1_113' title='bbox 535 1686 616 1745; x_wconf 90' lang='lat' dir='ltr'>venti</span> <span class='ocrx_word' id='word_1_114' title='bbox 637 1702 731 1764; x_wconf 92' lang='lat' dir='ltr'>prona</span> <span class='ocrx_word' id='word_1_115' title='bbox 752 1686 861 1763; x_wconf 89' lang='lat' dir='ltr'>premit</span> <span class='ocrx_word' id='word_1_116' title='bbox 883 1685 940 1743; x_wconf 91' lang='lat' dir='ltr'>vis:</span> <span class='ocrx_word' id='word_1_117' title='bbox 1072 1705 1111 1744; x_wconf 85' lang='lat' dir='ltr'>aco</span> 
     </span>
     <span class='ocr_line' id='line_1_18' title="bbox 101 1770 1037 1851; baseline -0.009 -13"><span class='ocrx_word' id='word_1_118' title='bbox 101 1787 156 1837; x_wconf 84' lang='grc'>505</span> <span class='ocrx_word' id='word_1_119' title='bbox 174 1778 239 1832; x_wconf 90' lang='lat' dir='ltr'>tum</span> <span class='ocrx_word' id='word_1_120' title='bbox 262 1789 369 1850; x_wconf 90' lang='lat' dir='ltr'>supera</span> <span class='ocrx_word' id='word_1_121' title='bbox 391 1778 501 1831; x_wconf 90' lang='lat' dir='ltr'>terram</span> <span class='ocrx_word' id='word_1_122' title='bbox 525 1790 599 1851; x_wconf 91' lang='lat' dir='ltr'>quae</span> <span class='ocrx_word' id='word_1_123' title='bbox 623 1779 692 1832; x_wconf 90' lang='lat' dir='ltr'>sunt</span> <span class='ocrx_word' id='word_1_124' title='bbox 714 1778 847 1832; x_wconf 85' lang='lat' dir='ltr'>extructa</span> <span class='ocrx_word' id='word_1_125' title='bbox 869 1770 1037 1850; x_wconf 91' lang='lat' dir='ltr'>domorum,</span> 
     </span>
     <span class='ocr_line' id='line_1_19' title="bbox 176 1859 1018 1940; baseline 0 -20"><span class='ocrx_word' id='word_1_126' title='bbox 176 1859 211 1920; x_wconf 95' lang='lat' dir='ltr'>ad</span> <span class='ocrx_word' id='word_1_127' title='bbox 234 1859 406 1937; x_wconf 90' lang='lat' dir='ltr'>caelumque</span> <span class='ocrx_word' id='word_1_128' title='bbox 429 1862 523 1937; x_wconf 81' lang='lat' dir='ltr'>magis</span> <span class='ocrx_word' id='word_1_129' title='bbox 547 1867 654 1938; x_wconf 91' lang='lat' dir='ltr'>quanto</span> <span class='ocrx_word' id='word_1_130' title='bbox 679 1867 748 1920; x_wconf 91' lang='lat' dir='ltr'>sunt</span> <span class='ocrx_word' id='word_1_131' title='bbox 770 1859 848 1920; x_wconf 89' lang='lat' dir='ltr'>edita</span> <span class='ocrx_word' id='word_1_132' title='bbox 871 1876 1018 1940; x_wconf 88' lang='lat' dir='ltr'>quaeque,</span> 
     </span>
     <span class='ocr_line' id='line_1_20' title="bbox 175 1946 976 2028; baseline 0 -21"><span class='ocrx_word' id='word_1_133' title='bbox 175 1946 315 2008; x_wconf 88' lang='lat' dir='ltr'>inclinata</span> <span class='ocrx_word' id='word_1_134' title='bbox 337 1949 488 2007; x_wconf 90' lang='lat' dir='ltr'>minantur</span> <span class='ocrx_word' id='word_1_135' title='bbox 510 1948 634 2008; x_wconf 91' lang='lat' dir='ltr'>eandem</span> <span class='ocrx_word' id='word_1_136' title='bbox 656 1950 688 2007; x_wconf 94' lang='lat' dir='ltr'>in</span> <span class='ocrx_word' id='word_1_137' title='bbox 710 1948 826 2026; x_wconf 88' lang='lat' dir='ltr'>prodita</span> <span class='ocrx_word' id='word_1_138' title='bbox 848 1953 976 2028; x_wconf 87' lang='lat' dir='ltr'>partem,</span> 
     </span>
     <span class='ocr_line' id='line_1_21' title="bbox 174 2034 921 2115; baseline 0.001 -20"><span class='ocrx_word' id='word_1_139' title='bbox 174 2042 399 2115; x_wconf 90' lang='lat' dir='ltr'>protractaeque</span> <span class='ocrx_word' id='word_1_140' title='bbox 422 2034 521 2095; x_wconf 90' lang='lat' dir='ltr'>trabes</span> <span class='ocrx_word' id='word_1_141' title='bbox 544 2035 707 2114; x_wconf 88' lang='lat' dir='ltr'>inpendent</span> <span class='ocrx_word' id='word_1_142' title='bbox 728 2037 772 2096; x_wconf 90' lang='lat' dir='ltr'>ire</span> <span class='ocrx_word' id='word_1_143' title='bbox 794 2042 921 2114; x_wconf 88' lang='lat' dir='ltr'>paratae.</span> 
     </span>
     <span class='ocr_line' id='line_1_22' title="bbox 101 2122 1110 2201; baseline 0.006 -21"><span class='ocrx_word' id='word_1_144' title='bbox 101 2129 160 2181; x_wconf 86' lang='grc'>555</span> <span class='ocrx_word' id='word_1_145' title='bbox 175 2132 206 2184; x_wconf 86' lang='grc'>55</span> <span class='ocrx_word' id='word_1_146' title='bbox 227 2131 363 2184; x_wconf 88' lang='lat' dir='ltr'>metuunt</span> <span class='ocrx_word' id='word_1_147' title='bbox 385 2125 484 2201; x_wconf 83' lang='lat' dir='ltr'>magni</span> <span class='ocrx_word' id='word_1_148' title='bbox 505 2130 641 2183; x_wconf 90' lang='lat' dir='ltr'>naturam</span> <span class='ocrx_word' id='word_1_149' title='bbox 664 2123 786 2183; x_wconf 89' lang='lat' dir='ltr'>credere</span> <span class='ocrx_word' id='word_1_150' title='bbox 808 2122 911 2183; x_wconf 89' lang='lat' dir='ltr'>mundi</span> <span class='ocrx_word' id='word_1_151' title='bbox 1071 2145 1110 2186; x_wconf 80' lang='lat' dir='ltr'>oco</span> 
     </span>
     <span class='ocr_line' id='line_1_23' title="bbox 100 2209 1060 2291; baseline -0.01 -12"><span class='ocrx_word' id='word_1_152' title='bbox 100 2228 157 2278; x_wconf 86' lang='grc'>500</span> <span class='ocrx_word' id='word_1_153' title='bbox 175 2210 294 2272; x_wconf 87' lang='lat' dir='ltr'>exitiale</span> <span class='ocrx_word' id='word_1_154' title='bbox 317 2209 433 2291; x_wconf 90' lang='lat' dir='ltr'>aliquod</span> <span class='ocrx_word' id='word_1_155' title='bbox 457 2219 574 2290; x_wconf 89' lang='lat' dir='ltr'>tempus</span> <span class='ocrx_word' id='word_1_156' title='bbox 596 2210 767 2290; x_wconf 89' lang='lat' dir='ltr'>clademque</span> <span class='ocrx_word' id='word_1_157' title='bbox 789 2227 923 2290; x_wconf 78' lang='lat' dir='ltr'>manere,</span> <span class='ocrx_word' id='word_1_158' title='bbox 1059 2288 1060 2291; x_wconf 8' lang='grc' dir='ltr'><strong>Ἴ</strong></span> 
     </span>
     <span class='ocr_line' id='line_1_24' title="bbox 176 2296 1025 2360; baseline -0.001 0"><span class='ocrx_word' id='word_1_159' title='bbox 176 2317 243 2360; x_wconf 93' lang='lat' dir='ltr'>cum</span> <span class='ocrx_word' id='word_1_160' title='bbox 266 2298 385 2359; x_wconf 87' lang='lat' dir='ltr'>videant</span> <span class='ocrx_word' id='word_1_161' title='bbox 406 2306 517 2359; x_wconf 92' lang='lat' dir='ltr'>tantam</span> <span class='ocrx_word' id='word_1_162' title='bbox 540 2305 688 2359; x_wconf 88' lang='lat' dir='ltr'>terrarum</span> <span class='ocrx_word' id='word_1_163' title='bbox 710 2297 882 2358; x_wconf 89' lang='lat' dir='ltr'>incumbere</span> <span class='ocrx_word' id='word_1_164' title='bbox 904 2296 1025 2359; x_wconf 89' lang='lat' dir='ltr'>moleml</span> 
     </span>
     <span class='ocr_line' id='line_1_25' title="bbox 177 2385 945 2468; baseline 0 -22"><span class='ocrx_word' id='word_1_165' title='bbox 177 2386 255 2467; x_wconf 92' lang='lat' dir='ltr'>quod</span> <span class='ocrx_word' id='word_1_166' title='bbox 278 2389 338 2448; x_wconf 91' lang='lat' dir='ltr'>nisi</span> <span class='ocrx_word' id='word_1_167' title='bbox 361 2390 510 2466; x_wconf 88' lang='lat' dir='ltr'>respirent</span> <span class='ocrx_word' id='word_1_168' title='bbox 531 2389 624 2468; x_wconf 84' lang='lat' dir='ltr'>venti,</span> <span class='ocrx_word' id='word_1_169' title='bbox 646 2389 691 2447; x_wconf 92' lang='lat' dir='ltr'>vis</span> <span class='ocrx_word' id='word_1_170' title='bbox 713 2385 793 2446; x_wconf 91' lang='lat' dir='ltr'>nulla</span> <span class='ocrx_word' id='word_1_171' title='bbox 814 2387 945 2447; x_wconf 89' lang='lat' dir='ltr'>relrenet</span> 
     </span>
     <span class='ocr_line' id='line_1_26' title="bbox 175 2473 1008 2554; baseline 0 -19"><span class='ocrx_word' id='word_1_172' title='bbox 175 2493 225 2536; x_wconf 92' lang='lat' dir='ltr'>rcs</span> <span class='ocrx_word' id='word_1_173' title='bbox 247 2493 344 2554; x_wconf 88' lang='lat' dir='ltr'>neque</span> <span class='ocrx_word' id='word_1_174' title='bbox 367 2475 403 2535; x_wconf 93' lang='lat' dir='ltr'>ab</span> <span class='ocrx_word' id='word_1_175' title='bbox 427 2477 517 2536; x_wconf 84' lang='lat' dir='ltr'>exitio</span> <span class='ocrx_word' id='word_1_176' title='bbox 539 2477 634 2554; x_wconf 90' lang='lat' dir='ltr'>possit</span> <span class='ocrx_word' id='word_1_177' title='bbox 655 2473 875 2554; x_wconf 86' lang='lat' dir='ltr'>reprehendere</span> <span class='ocrx_word' id='word_1_178' title='bbox 898 2476 1008 2535; x_wconf 86' lang='lat' dir='ltr'>euntis:</span> 
     </span>
     <span class='ocr_line' id='line_1_27' title="bbox 100 2564 1111 2644; baseline 0.003 -23"><span class='ocrx_word' id='word_1_179' title='bbox 100 2568 159 2621; x_wconf 82' lang='grc'>570</span> <span class='ocrx_word' id='word_1_180' title='bbox 175 2581 254 2624; x_wconf 92' lang='lat' dir='ltr'>nnnc</span> <span class='ocrx_word' id='word_1_181' title='bbox 277 2566 345 2643; x_wconf 92' lang='lat' dir='ltr'>quia</span> <span class='ocrx_word' id='word_1_182' title='bbox 367 2566 516 2642; x_wconf 89' lang='lat' dir='ltr'>respirant</span> <span class='ocrx_word' id='word_1_183' title='bbox 539 2564 659 2624; x_wconf 90' lang='lat' dir='ltr'>alternis</span> <span class='ocrx_word' id='word_1_184' title='bbox 681 2565 772 2644; x_wconf 90' lang='lat' dir='ltr'>inque</span> <span class='ocrx_word' id='word_1_185' title='bbox 795 2570 970 2642; x_wconf 79' lang='lat' dir='ltr'>gravescunt</span> <span class='ocrx_word' id='word_1_186' title='bbox 1071 2585 1111 2626; x_wconf 80' lang='lat' dir='ltr'>ovo</span> 
     </span>
     <span class='ocr_line' id='line_1_28' title="bbox 102 2649 938 2732; baseline -0.007 -15"><span class='ocrx_word' id='word_1_187' title='bbox 102 2665 157 2717; x_wconf 86' lang='grc'>505</span> <span class='ocrx_word' id='word_1_188' title='bbox 176 2658 207 2712; x_wconf 87' lang='grc'>55</span> <span class='ocrx_word' id='word_1_189' title='bbox 230 2654 314 2730; x_wconf 91' lang='lat' dir='ltr'>quasi</span> <span class='ocrx_word' id='word_1_190' title='bbox 338 2649 453 2712; x_wconf 90' lang='lat' dir='ltr'>collecti</span> <span class='ocrx_word' id='word_1_191' title='bbox 475 2651 601 2713; x_wconf 89' lang='lat' dir='ltr'>redeunt</span> <span class='ocrx_word' id='word_1_192' title='bbox 623 2651 790 2731; x_wconf 91' lang='lat' dir='ltr'>ceduntque</span> <span class='ocrx_word' id='word_1_193' title='bbox 812 2651 938 2732; x_wconf 79' lang='lat' dir='ltr'>repulsi,</span> 
     </span>
     <span class='ocr_line' id='line_1_29' title="bbox 175 2739 1026 2822; baseline -0.002 -22"><span class='ocrx_word' id='word_1_194' title='bbox 175 2742 294 2819; x_wconf 91' lang='lat' dir='ltr'>saepius</span> <span class='ocrx_word' id='word_1_195' title='bbox 315 2739 391 2800; x_wconf 94' lang='lat' dir='ltr'>hanc</span> <span class='ocrx_word' id='word_1_196' title='bbox 415 2739 452 2800; x_wconf 92' lang='lat' dir='ltr'>ob</span> <span class='ocrx_word' id='word_1_197' title='bbox 475 2758 540 2801; x_wconf 90' lang='lat' dir='ltr'>rem</span> <span class='ocrx_word' id='word_1_198' title='bbox 561 2742 715 2800; x_wconf 91' lang='lat' dir='ltr'>minitatur</span> <span class='ocrx_word' id='word_1_199' title='bbox 737 2747 816 2800; x_wconf 88' lang='lat' dir='ltr'>terra</span> <span class='ocrx_word' id='word_1_200' title='bbox 839 2742 940 2799; x_wconf 91' lang='lat' dir='ltr'>ruinas</span> <span class='ocrx_word' id='word_1_201' title='bbox 1025 2818 1026 2822; x_wconf 7' lang='grc' dir='ltr'><strong>Ἰ</strong></span> 
     </span>
     <span class='ocr_line' id='line_1_30' title="bbox 175 2826 964 2908; baseline -0.001 -20"><span class='ocrx_word' id='word_1_202' title='bbox 175 2846 262 2907; x_wconf 90' lang='lat' dir='ltr'>quam</span> <span class='ocrx_word' id='word_1_203' title='bbox 285 2828 368 2888; x_wconf 88' lang='lat' dir='ltr'>facit:</span> <span class='ocrx_word' id='word_1_204' title='bbox 391 2827 550 2889; x_wconf 89' lang='lat' dir='ltr'>inclinatur</span> <span class='ocrx_word' id='word_1_205' title='bbox 573 2831 652 2889; x_wconf 90' lang='lat' dir='ltr'>enim</span> <span class='ocrx_word' id='word_1_206' title='bbox 675 2835 814 2906; x_wconf 90' lang='lat' dir='ltr'>retroque</span> <span class='ocrx_word' id='word_1_207' title='bbox 836 2826 964 2908; x_wconf 87' lang='lat' dir='ltr'>recellit,</span> 
     </span>
     <span class='ocr_line' id='line_1_31' title="bbox 174 2914 906 2995; baseline -0.003 -19"><span class='ocrx_word' id='word_1_208' title='bbox 174 2923 204 2976; x_wconf 91' lang='lat' dir='ltr'>et</span> <span class='ocrx_word' id='word_1_209' title='bbox 225 2918 333 2995; x_wconf 88' lang='lat' dir='ltr'>recipit</span> <span class='ocrx_word' id='word_1_210' title='bbox 354 2914 490 2995; x_wconf 90' lang='lat' dir='ltr'>prolapsa</span> <span class='ocrx_word' id='word_1_211' title='bbox 513 2934 581 2977; x_wconf 88' lang='lat' dir='ltr'>snas</span> <span class='ocrx_word' id='word_1_212' title='bbox 604 2919 636 2976; x_wconf 94' lang='lat' dir='ltr'>in</span> <span class='ocrx_word' id='word_1_213' title='bbox 658 2915 790 2994; x_wconf 90' lang='lat' dir='ltr'>pondera</span> <span class='ocrx_word' id='word_1_214' title='bbox 812 2914 906 2975; x_wconf 90' lang='lat' dir='ltr'>sedes.</span> 
     </span>
     <span class='ocr_line' id='line_1_32' title="bbox 101 3003 1110 3084; baseline 0.005 -23"><span class='ocrx_word' id='word_1_215' title='bbox 101 3009 157 3062; x_wconf 84' lang='lat'>575</span> <span class='ocrx_word' id='word_1_216' title='bbox 173 3004 228 3065; x_wconf 91' lang='lat' dir='ltr'>hac</span> <span class='ocrx_word' id='word_1_217' title='bbox 251 3007 342 3084; x_wconf 85' lang='lat' dir='ltr'>igitur</span> <span class='ocrx_word' id='word_1_218' title='bbox 365 3006 477 3064; x_wconf 90' lang='lat' dir='ltr'>ratione</span> <span class='ocrx_word' id='word_1_219' title='bbox 500 3003 637 3065; x_wconf 89' lang='lat' dir='ltr'>vacillant</span> <span class='ocrx_word' id='word_1_220' title='bbox 660 3004 757 3063; x_wconf 88' lang='lat' dir='ltr'>omnia</span> <span class='ocrx_word' id='word_1_221' title='bbox 779 3008 870 3083; x_wconf 90' lang='lat' dir='ltr'>tecta,</span> <span class='ocrx_word' id='word_1_222' title='bbox 1070 3026 1110 3066; x_wconf 80' lang='lat' dir='ltr'>svs</span> 
     </span>
     <span class='ocr_line' id='line_1_33' title="bbox 101 3089 1029 3174; baseline -0.01 -15"><span class='ocrx_word' id='word_1_223' title='bbox 101 3107 155 3158; x_wconf 85' lang='grc'>500</span> <span class='ocrx_word' id='word_1_224' title='bbox 175 3111 289 3153; x_wconf 93' lang='lat' dir='ltr'>summa</span> <span class='ocrx_word' id='word_1_225' title='bbox 310 3094 404 3170; x_wconf 81' lang='lat' dir='ltr'>magis</span> <span class='ocrx_word' id='word_1_226' title='bbox 426 3092 546 3174; x_wconf 83' lang='lat' dir='ltr'>mediis,</span> <span class='ocrx_word' id='word_1_227' title='bbox 569 3092 666 3153; x_wconf 90' lang='lat' dir='ltr'>media</span> <span class='ocrx_word' id='word_1_228' title='bbox 688 3092 770 3171; x_wconf 86' lang='lat' dir='ltr'>imis,</span> <span class='ocrx_word' id='word_1_229' title='bbox 793 3091 851 3150; x_wconf 93' lang='lat' dir='ltr'>ima</span> <span class='ocrx_word' id='word_1_230' title='bbox 873 3089 1029 3169; x_wconf 88' lang='lat' dir='ltr'>perhilum.</span> 
     </span>
    </p>

    <p class='ocr_par' dir='ltr' id='par_1_5' title="bbox 172 3179 1109 3435">
     <span class='ocr_line' id='line_1_34' title="bbox 217 3179 1068 3259; baseline -0.001 -19"><span class='ocrx_word' id='word_1_231' title='bbox 217 3180 270 3242; x_wconf 83' lang='lat' dir='ltr'>Est</span> <span class='ocrx_word' id='word_1_232' title='bbox 291 3179 365 3241; x_wconf 91' lang='lat' dir='ltr'>haec</span> <span class='ocrx_word' id='word_1_233' title='bbox 388 3179 521 3241; x_wconf 90' lang='lat' dir='ltr'>eiusdem</span> <span class='ocrx_word' id='word_1_234' title='bbox 545 3198 661 3259; x_wconf 90' lang='lat' dir='ltr'>quoque</span> <span class='ocrx_word' id='word_1_235' title='bbox 684 3180 783 3258; x_wconf 82' lang='lat' dir='ltr'>magni</span> <span class='ocrx_word' id='word_1_236' title='bbox 806 3196 894 3238; x_wconf 92' lang='lat' dir='ltr'>causa</span> <span class='ocrx_word' id='word_1_237' title='bbox 916 3181 1068 3259; x_wconf 80' lang='lat' dir='ltr'>tremoris,</span> 
     </span>
     <span class='ocr_line' id='line_1_35' title="bbox 172 3267 1109 3348; baseline 0 -20"><span class='ocrx_word' id='word_1_238' title='bbox 172 3277 277 3331; x_wconf 92' lang='lat' dir='ltr'>ventus</span> <span class='ocrx_word' id='word_1_239' title='bbox 304 3267 357 3329; x_wconf 91' lang='lat' dir='ltr'>ubi</span> <span class='ocrx_word' id='word_1_240' title='bbox 380 3275 467 3348; x_wconf 90' lang='lat' dir='ltr'>atque</span> <span class='ocrx_word' id='word_1_241' title='bbox 490 3270 604 3329; x_wconf 90' lang='lat' dir='ltr'>animae</span> <span class='ocrx_word' id='word_1_242' title='bbox 629 3267 726 3329; x_wconf 92' lang='lat' dir='ltr'>subito</span> <span class='ocrx_word' id='word_1_243' title='bbox 749 3268 793 3327; x_wconf 94' lang='lat' dir='ltr'>vis</span> <span class='ocrx_word' id='word_1_244' title='bbox 815 3268 943 3327; x_wconf 82' lang='lat' dir='ltr'>maxima</span> <span class='ocrx_word' id='word_1_245' title='bbox 967 3267 1109 3347; x_wconf 90' lang='lat' dir='ltr'>quaedam</span> 
     </span>
     <span class='ocr_line' id='line_1_36' title="bbox 173 3356 842 3435; baseline -0.004 -18"><span class='ocrx_word' id='word_1_246' title='bbox 173 3363 224 3418; x_wconf 89' lang='lat' dir='ltr'>aut</span> <span class='ocrx_word' id='word_1_247' title='bbox 245 3359 431 3418; x_wconf 82' lang='lat' dir='ltr'>extrinsecus</span> <span class='ocrx_word' id='word_1_248' title='bbox 455 3363 508 3431; x_wconf 85' lang='lat' dir='ltr'>ant¹</span> <span class='ocrx_word' id='word_1_249' title='bbox 526 3358 591 3435; x_wconf 91' lang='lat' dir='ltr'>ipsa</span> <span class='ocrx_word' id='word_1_250' title='bbox 613 3356 718 3417; x_wconf 92' lang='lat' dir='ltr'>tellure</span> <span class='ocrx_word' id='word_1_251' title='bbox 742 3361 842 3416; x_wconf 90' lang='lat' dir='ltr'>coorta</span> 
     </span>
    </p>

    <p class='ocr_par' dir='ltr' id='par_1_6' title="bbox 99 3443 1110 3614">
     <span class='ocr_line' id='line_1_37' title="bbox 99 3443 1110 3525; baseline 0.004 -21"><span class='ocrx_word' id='word_1_252' title='bbox 99 3452 157 3504; x_wconf 82' lang='grc'>580</span> <span class='ocrx_word' id='word_1_253' title='bbox 172 3448 204 3506; x_wconf 90' lang='lat' dir='ltr'>in</span> <span class='ocrx_word' id='word_1_254' title='bbox 226 3445 290 3506; x_wconf 88' lang='lat' dir='ltr'>loca</span> <span class='ocrx_word' id='word_1_255' title='bbox 313 3464 345 3506; x_wconf 90' lang='lat' dir='ltr'>se</span> <span class='ocrx_word' id='word_1_256' title='bbox 369 3463 437 3506; x_wconf 91' lang='lat' dir='ltr'>cava</span> <span class='ocrx_word' id='word_1_257' title='bbox 459 3447 551 3505; x_wconf 92' lang='lat' dir='ltr'>terrai</span> <span class='ocrx_word' id='word_1_258' title='bbox 573 3446 713 3525; x_wconf 85' lang='lat' dir='ltr'>coniecit,</span> <span class='ocrx_word' id='word_1_259' title='bbox 736 3443 836 3523; x_wconf 93' lang='lat' dir='ltr'>ibique</span> <span class='ocrx_word' id='word_1_260' title='bbox 1070 3468 1110 3508; x_wconf 82' lang='lat' dir='ltr'>cco</span> 
     </span>
     <span class='ocr_line' id='line_1_38' title="bbox 100 3531 944 3614; baseline -0.007 -15"><span class='ocrx_word' id='word_1_261' title='bbox 100 3549 152 3600; x_wconf 84' lang='grc'>005</span> <span class='ocrx_word' id='word_1_262' title='bbox 173 3533 328 3614; x_wconf 87' lang='lat' dir='ltr'>speluncas</span> <span class='ocrx_word' id='word_1_263' title='bbox 350 3535 428 3594; x_wconf 91' lang='lat' dir='ltr'>inter</span> <span class='ocrx_word' id='word_1_264' title='bbox 449 3550 571 3613; x_wconf 81' lang='lat' dir='ltr'>magnas</span> <span class='ocrx_word' id='word_1_265' title='bbox 594 3533 696 3594; x_wconf 88' lang='lat' dir='ltr'>lremit</span> <span class='ocrx_word' id='word_1_266' title='bbox 716 3538 786 3594; x_wconf 83' lang='lat' dir='ltr'>ante</span> <span class='ocrx_word' id='word_1_267' title='bbox 805 3531 944 3593; x_wconf 76' lang='lat' dir='ltr'>tumultu</span> 
     </span>
    </p>
   </div>
   <div class='ocr_carea' id='block_1_3' title="bbox 0 0 1220 3878">
    <p class='ocr_par' dir='ltr' id='par_1_7' title="bbox 0 0 1220 3878">
     <span class='ocr_line' id='line_1_39' title="bbox 0 0 1220 3878; baseline 0 0"><span class='ocrx_word' id='word_1_268' title='bbox 0 0 1220 3878; x_wconf 95' lang='lat' dir='ltr'> </span> 
     </span>
    </p>
   </div>
  </div>
 </body>
</html>
