2430 3878
568 170 596 223 Π
1040 171 1081 236 61

164 313 236 393 quid
259 317 298 376 sit
320 313 364 375 ibi
385 333 489 397 porro,
513 334 571 394 quo
594 319 766 398 prospicere
789 337 884 398 usque
908 318 978 379 velit
998 338 1083 380 mens

163 409 252 481 atque
275 405 367 463 animi
389 406 484 466 iactus
508 404 584 465 liber
607 424 665 485 quo
688 406 821 485 pervolet
844 410 917 487 ipse.

207 491 356 570 Principio
380 491 466 553 nohis
490 495 521 552 in
545 500 666 554 cunctas
689 494 820 573 undique
843 499 936 576 partis

68 578 308 647 101001101οτ0
332 599 368 640 ex
391 587 517 660 utroque
540 598 638 660 supra
660 590 821 663 supterque
843 602 898 663 per
921 602 1007 646 omno

67 685 148 737 1050
162 667 271 730 nullast
293 669 374 750 finis3
397 671 442 729 uti
466 669 566 750 docui,
588 688 637 730 res
660 673 783 751 ipsaque
806 689 860 750 per
883 691 915 733 se
1030 686 1083 728 roso

163 756 354 837 vociferatur,
377 764 408 817 et
430 756 526 818 elucet
549 765 653 818 natura
675 759 823 838 profundi.

163 843 244 905 nullo
267 847 325 905 lam
348 851 433 923 pacto
456 848 520 906 veri
543 845 639 906 simile
662 865 728 908 esse
750 847 955 929 putandumst,

164 932 294 1012 undique
319 951 386 993 oum
408 950 528 994 vorsum
552 937 679 1013 spatium
702 943 786 996 vacet
807 938 956 997 inlinitum

72 1036 147 1088 1000
166 1023 336 1100 seminaque
359 1024 515 1083 innumero
538 1041 662 1083 numero
686 1042 857 1104 summaque
880 1024 1025 1103 profunda

71 1124 149 1178 1005
161 1108 344 1170 multimodis
367 1109 490 1171 volitent
512 1117 631 1170 aeterno
654 1115 768 1191 percita
790 1119 885 1193 motu,
1030 1125 1082 1167 1⁰⁶⁵

165 1197 244 1259 hunc
265 1215 360 1258 unum
381 1205 529 1259 terrarum
553 1198 655 1258 orbem
678 1199 850 1279 caelumque
874 1208 1018 1283 creatum,

164 1285 208 1346 nil
229 1303 316 1365 agere
338 1285 387 1346 illa
411 1287 484 1346 foris
507 1293 551 1347 tot
576 1304 700 1366 corpora
723 1291 870 1370 materiai3

165 1391 233 1434 cum
255 1376 431 1453 praesertim
453 1375 502 1435 hic
525 1377 565 1435 sit
586 1381 692 1436 natura
715 1377 809 1437 lactus
833 1379 963 1458 etipse,

74 1476 146 1530 1000
166 1468 269 1541 sponte
293 1480 346 1522 sua
369 1462 446 1522 forte
467 1463 636 1524 offensando
658 1466 694 1525 ut
716 1467 829 1526 semina
850 1483 952 1526 rerum

74 1567 150 1620 1060
166 1550 349 1610 multimodis
370 1557 483 1610 temere
506 1553 538 1610 in
562 1570 677 1612 cassum
700 1553 868 1632 frustraque
892 1561 992 1615 coacta
1030 1568 1083 1608 10⁶0

164 1638 283 1699 tandem
307 1637 462 1699 coluerunt
486 1657 520 1699 ea
544 1658 618 1718 quae
642 1648 779 1701 concreta
801 1648 923 1721 repente

164 1745 338 1805 magnarum
360 1744 461 1788 rerum
483 1728 589 1788 tierent
613 1729 731 1790 exordia
754 1748 886 1811 semper,

164 1817 257 1876 terrai
277 1817 370 1875 maris
393 1822 424 1876 et
446 1815 519 1875 caeli
541 1819 718 1896 generisque
736 1820 925 1878 animantum.

74 1921 146 1971 1000
166 1921 257 1982 qnare
281 1905 370 1964 etiam
392 1910 479 1983 atque
504 1905 592 1964 etiam
614 1905 681 1965 talis
705 1907 813 1967 fateare
836 1913 989 1968 necessest

74 2007 149 2060 1005
165 2009 232 2052 0000
256 1991 328 2051 01100
351 1990 422 2051 alibi
444 2009 620 2071 congressus
643 1996 790 2074 materiai,
1029 2009 1081 2050 1⁰⁶⁵

165 2078 260 2159 qualis
282 2080 331 2140 hic
354 2086 413 2160 est,
436 2080 520 2140 avido
544 2081 699 2159 complexu
721 2100 809 2161 quem
832 2088 914 2142 tenet
936 2082 1046 2144 aether.

209 2167 365 2229 Praeterea
388 2186 455 2228 cum
478 2171 617 2229 materies
640 2176 686 2230 est
707 2169 799 2230 multa
821 2177 935 2250 parata,

165 2274 233 2317 cum
255 2255 338 2317 locus
362 2263 407 2316 est
428 2263 559 2337 praesto,
582 2275 708 2318 necros
731 2276 786 2318 000
809 2276 897 2318 00000
920 2267 1052 2319 moratur

74 2343 238 2424 10000110,
261 2347 325 2422 geri
348 2343 469 2426 debent,
491 2347 645 2425 nimirum,
668 2353 698 2406 et
720 2347 843 2406 confieri
866 2364 923 2406 res.

73 2447 150 2502 1070
163 2450 242 2493 nunc
264 2438 295 2493 ot
317 2431 480 2494 seminibus
504 2435 530 2493 si
552 2439 661 2493 tantast
683 2436 767 2513 copia
790 2441 928 2513 quantam
1030 2450 1083 2491 novo

165 2537 339 2582 enumerare
363 2528 442 2582 aetas
465 2523 647 2582 animantum
670 2540 729 2581 non
753 2530 841 2602 queat
864 2525 973 2605 omnis,

572 2628 590 2666 ᾖ

165 2698 250 2775 sique
273 2695 377 2757 eadem
398 2705 504 2757 natura
526 2705 638 2778 manet,
662 2717 737 2777 quae
761 2702 873 2760 semina
896 2718 997 2760 rerum

165 2787 302 2846 conicere
324 2786 355 2844 in
378 2783 442 2845 loca
465 2804 599 2865 quaeque
623 2794 712 2866 queat
734 2786 825 2847 simili
847 2789 961 2848 ratione

75 2878 252 2952 regnatque
275 2872 333 2932 huc
357 2880 426 2933 sunt
448 2876 594 2955 coniecta,
617 2881 769 2935 necessest
792 2876 950 2936 confiteare

72 2975 149 3029 1070
163 2978 229 3022 0000
253 2959 326 3020 alios
349 2959 415 3021 aliis
438 2968 585 3023 terrarum
608 2962 797 3043 inpartibus
821 2962 901 3023 orbis
1030 2978 1083 3020 roas

165 3055 195 3110 et
216 3051 311 3109 varias
334 3048 488 3110 hominum
510 3053 607 3129 gentis
630 3056 660 3110 et
683 3050 778 3111 saecla
802 3051 939 3112 ferarum.

208 3136 272 3198 Huc
295 3136 409 3198 accedit
430 3144 464 3198 ut
486 3140 517 3198 in
541 3157 655 3199 summa
677 3157 726 3200 res
749 3139 829 3200 nulla
853 3141 892 3200 sit
914 3158 986 3223 una,

147 3219 251 3287 'unica
274 3242 348 3304 qnae
371 3228 509 3305 gignatur
532 3234 561 3287 et
583 3230 671 3288 unica
694 3226 813 3307 solaque
837 3235 963 3311 crescat,

74 3330 144 3381 10⁷5
164 3316 237 3394 quin
260 3312 398 3394 aliquoiu'
421 3317 478 3375 siet
501 3315 590 3377 saecli
612 3315 817 3396 permultaque
841 3317 944 3378 eodem

71 3405 223 3471 10000101
244 3420 362 3482 genere.
399 3405 431 3463 in
452 3405 559 3483 primis
581 3403 756 3465 animalibus
775 3407 1083 3486 inioementem31ooo

162 3493 296 3553 invenies
319 3492 362 3552 010
383 3494 584 3572 montivagum
607 3511 700 3572 genus
724 3511 789 3554 esse
813 3494 962 3572 ferarum,
