2430 3878
98 165 143 232 26
594 165 607 219 Ι

173 331 240 373 cum
264 312 370 391 quihus
393 320 423 372 et
446 311 525 391 quali
547 313 680 390 positura
703 313 909 371 contineantur

101 407 157 458 910
174 408 203 460 et
226 417 299 478 quos
323 403 401 460 inter
424 418 455 474 se
479 400 549 460 dent
571 406 668 460 motus
691 401 907 480 accipiantque,
1068 413 1109 454 919

99 495 154 545 995
174 495 261 566 atque
284 489 386 550 eadem
408 487 495 567 paulo
518 489 595 548 inter
618 505 649 547 se
673 494 783 548 mutata
805 505 905 548 creare

173 578 256 655 ignes
280 584 309 636 et
331 573 464 655 lignum?
499 593 556 654 quo
578 582 663 654 pacto
686 575 775 635 verba
797 593 914 655 quoque
936 576 1000 654 ipsa

173 666 251 724 inter
274 683 305 726 se
328 664 414 744 paulo
436 665 556 724 mutatis
580 671 649 724 sunt
672 663 837 744 elementis,

175 770 242 812 cum
264 751 343 830 ligna
366 759 452 831 atque
475 754 558 830 ignes
582 752 719 812 distincta
741 769 810 812 voce
833 757 978 811 notamus.

102 843 158 896 915
174 840 301 918 denique
324 842 383 900 iam
406 857 628 918 quaecumque
654 841 685 900 in
707 838 796 900 rebus
820 841 917 900 cernis
940 839 1054 917 apertis
1067 852 1108 893 915

101 932 156 983 910
175 930 201 989 91
225 928 289 988 fieri
310 945 371 988 non
393 946 480 1007 posse
503 934 602 1008 putas,
625 929 695 1006 quin
718 929 852 987 materiai

176 1033 299 1094 corpora
322 1016 468 1076 consimili
489 1023 594 1076 natura
615 1015 747 1094 praedita
769 1015 875 1095 fingas,

175 1103 229 1164 hac
252 1106 365 1165 ratione
387 1103 442 1165 tibi
464 1110 590 1183 pereunt
612 1103 773 1183 primordia
795 1120 909 1164 rerum:

176 1192 226 1252 liet
248 1194 292 1252 uti
314 1195 378 1253 risu
399 1192 525 1253 tremulo
548 1208 690 1252 concussa
712 1190 888 1251 cachinnent

102 1284 163 1337 920
177 1286 206 1339 et
228 1278 358 1340 lacrimis
377 1279 462 1340 salsis
484 1286 635 1340 umectent
657 1297 708 1340 ora
730 1297 886 1358 genasque.
1067 1293 1108 1333 999

102 1374 158 1424 915
220 1366 304 1427 Nunc
327 1386 388 1448 age,
411 1367 489 1446 quod
512 1385 602 1446 super
618 1375 676 1447 est,
691 1384 835 1445 cognosce
853 1375 883 1427 et
901 1366 1010 1427 clarius
1029 1366 1100 1428 audi

596 1471 614 1512 9

176 1560 231 1602 nec
253 1560 301 1602 me
323 1542 415 1602 animi
436 1540 510 1600 fallit
532 1558 619 1619 quarn
642 1543 701 1602 sint
724 1541 861 1603 obscura:
885 1541 937 1601 sed
961 1543 1023 1602 scri

176 1630 325 1709 percussit
345 1628 446 1707 thyrso
469 1628 563 1689 laudis
587 1647 654 1708 spes
676 1648 781 1708 magna
803 1647 901 1690 meum
925 1647 977 1689 cor

178 1725 207 1777 et
230 1716 317 1777 simul
340 1718 465 1776 incussit
487 1734 604 1776 suavem
627 1719 669 1776 mi
690 1720 721 1778 in
744 1725 847 1796 pectus
870 1735 1000 1778 amorem

107 1809 162 1864 925
177 1822 341 1884 musarum,
364 1821 422 1883 quo
444 1822 523 1864 nunc
545 1806 702 1865 instinctus
725 1812 823 1866 mente
845 1808 956 1884 vigenti
1067 1819 1110 1861 eso

105 1895 240 1954 9999919
263 1892 413 1953 Pieridum
435 1910 559 1970 peragro
582 1891 645 1952 loca
667 1892 776 1953 nullius
799 1900 866 1954 ante

177 1983 247 2041 trita
269 1980 340 2040 solo.
376 1982 456 2040 iuvat
478 1982 609 2058 integros
632 1981 771 2041 accedere
794 1981 883 2041 fontis

178 2078 265 2148 atque
287 2070 420 2148 haurire,
442 2070 579 2147 iuvatque
602 2086 692 2128 novos
716 2068 874 2148 decerpere
897 2069 985 2130 liores

178 2159 381 2235 insignemque
404 2174 471 2216 meo
494 2158 583 2235 capiti
605 2164 705 2236 petere
729 2157 797 2217 indo
820 2175 972 2241 coronam,
1003 2231 1006 2235 ¹

107 2249 164 2303 930
178 2244 256 2306 unde
279 2247 362 2325 prius
385 2244 459 2305 nulli
480 2244 605 2306 velarint
625 2251 757 2323 tempora
779 2263 894 2327 musae3
1067 2259 1110 2301 999

105 2341 160 2391 995
178 2335 307 2414 primum
328 2333 407 2412 quod
429 2335 543 2411 magnis
567 2333 657 2393 doceo
680 2333 716 2392 de
739 2332 828 2393 rebus
851 2339 882 2394 et
903 2334 978 2394 artis

178 2420 354 2499 religionum
377 2422 506 2481 animum
528 2421 613 2481 nodis
637 2420 787 2481 exsolvere
809 2438 913 2500 pergo,

179 2508 285 2568 deinde
309 2508 387 2586 quod
411 2507 535 2569 obscura
559 2509 594 2568 de
617 2527 650 2568 re
672 2515 731 2569 tam
753 2508 851 2569 lucida
872 2526 967 2588 pango

179 2597 321 2676 carmina,
343 2613 462 2655 musaeo
486 2598 658 2674 contingens
681 2604 785 2657 cuncta
806 2597 915 2675 lepore.

107 2689 163 2741 935
179 2684 209 2744 id
233 2700 348 2763 quoque
371 2685 451 2743 enim
473 2701 533 2744 non
555 2684 590 2744 ab
614 2683 693 2744 nulla
715 2687 828 2744 ratione
850 2684 980 2745 videtur:
1070 2697 1111 2738 ⁹³⁵

106 2777 160 2827 930
180 2771 231 2832 sed
253 2771 344 2831 veluti
366 2773 467 2851 pueris
490 2771 634 2833 absinthia
653 2779 750 2833 taetra
771 2772 924 2833 medentes

179 2878 246 2921 cum
270 2860 338 2920 dare
362 2866 517 2940 conantur,
539 2862 622 2939 prius
645 2878 725 2941 oras,
747 2859 851 2940 pocula
873 2863 999 2941 circum,

179 2950 353 3027 contingunt
374 2947 470 3008 mellis
494 2948 572 3009 dulci
594 2948 725 3027 flavoque
749 2948 876 3028 liquore,

179 3043 213 3096 ut
235 3053 394 3115 puerorum
417 3042 497 3097 aetas
519 3036 671 3115 inprovida
693 3035 861 3096 ludificetur

106 3128 164 3180 940
178 3123 328 3184 labrorum
350 3130 449 3205 tenus,
474 3126 587 3185 interea
608 3130 744 3203 perpotet
766 3141 898 3184 amarum
1071 3137 1113 3178 om

107 3216 161 3266 935
181 3211 308 3273 absinthi
330 3211 459 3293 laticem,
483 3212 662 3290 deceptaque
685 3229 744 3271 non
767 3214 911 3292 capiatur,

181 3299 233 3360 sed
256 3301 354 3378 potius
376 3300 427 3360 tali
449 3307 533 3379 pacto
556 3307 688 3360 recreata
711 3299 850 3381 valescat,

180 3390 224 3448 sic
247 3405 301 3467 ego
324 3405 415 3467 nunc,
444 3391 581 3466 quoniam
606 3388 678 3448 haec
700 3390 774 3448 ratio
797 3388 972 3466 plerumque
995 3386 1114 3447 videtur

179 3477 294 3537 tristior
316 3493 382 3536 esse
406 3475 512 3554 qrribus
535 3494 595 3536 non
618 3483 663 3536 est
685 3482 820 3557 tractata,
842 3482 981 3554 retroque
