2430 3878
98 229 164 294 116
584 227 611 282 V

169 382 215 436 est
238 377 326 436 etiam
347 391 467 454 quoquo
488 376 534 436 uti
555 377 651 455 possit
674 375 787 436 caelum
810 392 897 437 omne
918 393 1040 437 manere

168 466 200 524 in
223 465 362 544 statione,
384 469 483 523 umen
504 480 574 524 cum
596 462 694 524 lucida
716 465 799 541 signs
821 463 968 546 ferantur,

169 554 230 613 slve
253 551 332 631 quod
353 551 462 611 inclusi
484 551 580 630 rapidi
602 559 672 612 sunt
693 551 821 612 aetheris
845 559 945 612 aestus

98 657 151 707 540
170 646 402 719 quaerentesque
424 640 502 699 viam
523 641 792 700 circumrersantur
815 645 845 700 et
866 641 952 718 ignes
1058 663 1094 704 no

98 736 155 788 521
168 730 280 807 passim
301 745 356 806 per
377 726 452 789 caeli
473 726 592 788 volvunt
615 730 778 788 summania
801 727 923 808 templa,

170 819 231 877 sive
254 815 371 876 aliunde
393 814 489 877 fluens
512 815 645 876 alicunde
669 818 854 878 extrinsecus
876 820 928 877 aer

169 912 267 966 versat
288 921 378 982 agens
401 905 490 985 ignis,
513 906 574 964 sivo
597 905 655 983 ipsi
678 921 798 985 serpere
820 910 949 984 possunt

170 1011 227 1071 quo
251 995 393 1070 cuiusque
417 990 501 1052 cibus
522 999 606 1052 vocat
628 999 717 1072 atque
738 993 844 1054 inritat
865 994 977 1073 euntis,

99 1098 151 1148 tto
169 1081 302 1141 flammea
325 1097 379 1159 per
400 1079 515 1140 caelum
537 1082 685 1158 pascentis
707 1097 833 1160 corpora
854 1082 973 1159 passim.
1061 1102 1099 1143 ne

99 1177 156 1228 526
169 1187 238 1229 nam
260 1168 331 1248 quid
354 1170 385 1228 in
408 1167 463 1228 lroc
485 1167 595 1228 mundo
618 1171 657 1228 sit
680 1186 783 1229 eorum
804 1184 916 1247 ponere
939 1175 1056 1231 emtum

170 1257 330 1318 difficilest:
353 1256 406 1316 sed
429 1256 499 1334 quid
523 1257 618 1334 possit
640 1257 748 1336 fiatque
770 1275 825 1336 per
847 1274 935 1316 omne

170 1348 202 1406 in
224 1347 313 1405 variis
335 1344 454 1404 mundis
477 1347 556 1404 veria
579 1346 692 1404 ratione
715 1346 835 1425 creatis,

170 1433 200 1493 id
224 1433 329 1513 doceo,
350 1431 503 1511 plurisque
527 1450 636 1510 sequor
658 1432 814 1512 disponere
837 1449 956 1513 causas,

100 1538 153 1587 550
170 1519 299 1581 motibus
322 1526 469 1580 astrorum
492 1538 566 1598 quae
588 1523 705 1599 possint
726 1538 793 1582 esse
816 1538 872 1600 per
893 1537 995 1601 omne;
1064 1543 1104 1584 cco

100 1617 186 1668 531e
208 1608 316 1687 quibus
338 1625 397 1667 una
417 1615 517 1667 tamen
539 1610 597 1668 siet
617 1608 667 1669 liic
689 1627 807 1688 quoque
829 1627 919 1671 causa
940 1616 1105 1690 necessest,

171 1715 245 1776 quae
268 1702 370 1774 vegeat
391 1702 505 1755 motum
527 1697 633 1774 signis:
656 1697 709 1758 sed
734 1715 809 1776 quac
831 1699 871 1759 sit
893 1714 997 1757 earum

171 1785 341 1864 praecipere
368 1783 613 1862 hautquaquamst
638 1784 850 1865 pedetemptim
873 1785 1103 1864 progredientis.

215 1871 276 1932 Nec
298 1873 420 1931 minimo
443 1871 515 1931 solis
537 1874 631 1934 maior
653 1880 718 1934 iota
739 1892 795 1934 nac
817 1875 915 1933 minor
938 1873 1046 1934 ardens

101 1976 152 2028 555
171 1979 237 2021 0000
259 1967 370 2040 potest,
392 1962 501 2020 nostris
524 1979 611 2039 quam
635 1959 771 2022 sensibus
793 1979 860 2022 esse
882 1961 1009 2022 ridetur.
1065 1984 1106 2026 505

101 2057 156 2108 555
170 2067 238 2109 nam
261 2047 368 2128 quibus
391 2065 407 2108 0
431 2049 533 2126 spatiis
556 2067 682 2128 cumque
705 2051 789 2128 ignes
811 2049 924 2110 lumina
946 2058 1074 2129 possunt

171 2138 287 2198 adicere
309 2143 340 2196 et
362 2135 490 2196 calidum
511 2136 652 2197 membris
674 2136 783 2198 odilare
805 2155 958 2219 vaporem,

170 2225 213 2286 nil
234 2220 293 2286 clla
314 2224 361 2284 his
384 2223 545 2285 intervallis
569 2224 605 2285 do
628 2243 754 2305 corpore
776 2225 869 2286 libent

171 2314 366 2392 flammarum,
388 2312 431 2372 nil
453 2312 490 2372 ad
514 2315 672 2392 specicmst
693 2316 873 2374 contractior
894 2315 982 2392 ignis.

101 2417 153 2467 550
170 2401 308 2480 proinde,
330 2399 410 2460 calor
432 2403 571 2479 quoniam
593 2400 665 2461 solis
687 2401 845 2481 lumenque
868 2403 1024 2482 profusum
1066 2425 1106 2466 cre

100 2495 153 2547 571
170 2490 346 2567 perveniunt
368 2495 486 2548 nostros
510 2489 545 2548 ad
568 2507 674 2549 sensus
697 2498 727 2550 et
749 2489 813 2551 loca
835 2489 980 2570 mulcent,
1066 2513 1107 2554 ero

171 2576 264 2636 lorma
287 2593 403 2654 quoque
425 2576 495 2638 hinc
517 2576 588 2638 solis
611 2577 699 2638 dehet
721 2577 861 2656 iilumque
884 2577 992 2660 videri,
1067 2601 1104 2642 en

170 2663 213 2725 nil
235 2663 307 2724 adeo
330 2671 364 2724 ut
385 2667 483 2742 possis
505 2665 572 2743 plus
595 2672 646 2726 aut
668 2668 767 2726 minus
791 2666 912 2746 addere,
934 2684 1012 2727 rere.
1066 2689 1106 2729 ors

170 2751 297 2831 luneque
320 2753 382 2812 0100
404 2752 493 2812 notho
517 2753 611 2814 fertur
633 2753 696 2814 loca
719 2753 833 2815 lumine
853 2753 997 2834 lustrans,
1067 2776 1106 2817 ore

101 2843 233 2906 5550100
257 2858 341 2901 suem
363 2842 483 2919 proprio
506 2843 595 2901 iactat
617 2840 653 2901 de
676 2859 800 2921 corpore
823 2841 933 2923 lucem,

100 2936 155 2987 576
172 2928 314 3008 quidquid
336 2928 368 2988 id
391 2935 449 3008 est,
472 2928 532 2988 nilo
556 2930 650 2990 fertur
672 2932 785 2991 maiore
808 2931 901 3008 figure
979 3002 981 3005 ι

172 3035 271 3097 quam,
293 3018 405 3077 nostris
428 3016 521 3077 oeulis
545 3036 602 3097 qua
625 3021 790 3100 cernimus,
813 3036 879 3078 esso
902 3018 1029 3078 videtur.

170 3123 237 3164 nam
259 3107 342 3183 prius
365 3107 476 3185 omnia,
498 3123 573 3184 quae
596 3105 682 3184 longe
706 3114 819 3167 semota
841 3115 960 3168 tuemur

171 3197 238 3253 aera
260 3211 314 3271 per
336 3191 475 3273 multum,
500 3195 598 3272 000010
621 3195 741 3255 confusa
763 3193 902 3254 ridentur
1067 3215 1104 3257 000

100 3295 259 3359 proquam
281 3282 375 3341 minui
397 3279 488 3341 iilum.
527 3289 706 3365 quapropter
728 3282 798 3343 luna
821 3290 986 3363 necessest,

99 3375 152 3426 581
170 3368 407 3447 quandoquidem
430 3368 539 3430 cleram
563 3373 693 3449 speciem
716 3378 887 3450 certamque
910 3371 1035 3450 liguram

161 3456 305 3542 praebat,
327 3463 362 3520 ut
384 3464 431 3520 ast
454 3459 516 3518 oris
537 3461 678 3519 extremis
700 3477 827 3538 cumque
850 3465 949 3520 notata

492 3542 740 3628 [ballabit.
