2430 3878
135 174 176 238 14
629 173 643 227 I

132 329 187 381 470
205 329 341 383 eventum
364 321 423 382 dici
445 323 555 400 poterit
577 319 783 400 quodcumque
807 323 864 382 erit
887 326 992 382 actum
1010 317 1021 401 ΙΙ
1104 334 1146 376 00

133 417 185 468 406
204 410 331 489 denique
354 412 493 471 materies
517 412 543 471 si
565 427 666 471 rerum
689 408 769 470 nulla
793 409 909 491 luisset,

203 517 259 561 nec
286 499 368 559 locus
392 517 426 559 ac
449 500 589 578 spatium,
617 515 666 559 res
689 499 720 558 in
744 516 801 576 quo
826 515 957 577 quaeque
982 504 1145 580 geruntur,

203 605 363 666 numquam
385 586 560 666 Tyndaridis
584 586 677 646 lorma
700 585 843 647 conflatus
867 588 976 647 amoris

203 678 280 754 ignis
303 674 460 736 Alexandri
482 673 608 753 Phrygio
632 674 686 734 sub
709 682 828 753 pectore
851 673 979 753 gliscens

133 771 188 823 475
204 764 282 825 clara
304 763 488 825 accendisset
511 764 590 823 saevi
615 765 776 823 certamina
798 761 882 843 belli,
1103 776 1146 819 00

133 860 186 910 470
204 872 260 914 000
283 851 357 914 clam
381 851 520 912 durateus
543 851 678 911 Troianis
701 850 842 930 Pergama
865 859 952 930 partu

204 941 415 1002 inflammasset
437 957 529 1018 equos
551 946 696 1000 nocturno
720 937 965 1020 Graiugenarum3

205 1032 373 1109 perspicere
396 1034 430 1089 ut
451 1029 549 1106 possis
572 1046 621 1088 res
645 1036 742 1106 gestas
766 1028 899 1088 lunditus
922 1029 1018 1088 omnis

204 1136 264 1178 non
286 1119 327 1178 ita
349 1119 394 1177 uti
417 1134 524 1195 eorpus
547 1134 601 1196 per
624 1134 656 1177 se
679 1123 813 1177 constare
836 1134 933 1195 neque
956 1134 1022 1191 esse

134 1213 190 1265 480
206 1225 261 1268 nec
283 1207 397 1267 ratione
421 1204 520 1266 cluere
544 1204 646 1265 eadem
670 1223 727 1284 qua
750 1211 865 1265 constet
887 1207 990 1284 inane,
1103 1219 1145 1259 tao

134 1300 186 1352 475
206 1294 258 1355 sed
280 1296 373 1372 magis
396 1299 430 1353 ut
451 1295 557 1353 merito
581 1295 677 1371 possis
701 1300 804 1353 eventa
826 1311 930 1353 vocare

206 1383 352 1463 corporis,
376 1388 463 1459 atque
487 1381 557 1460 loci,
579 1399 629 1441 res
652 1382 683 1439 in
707 1399 765 1460 quo
789 1399 921 1460 quaeque
945 1388 1094 1459 gerantur.

237 1469 366 1549 Corpora
389 1477 458 1529 sunt
480 1486 568 1548 porro
591 1471 699 1547 partim
721 1469 882 1548 primordia
905 1487 1019 1551 rerum,

205 1560 313 1636 partim
335 1557 460 1617 concilio
484 1575 559 1635 quae
583 1564 719 1617 constant
740 1560 962 1637 principiorum.

135 1653 190 1706 405
205 1646 256 1706 sed
280 1663 354 1724 quae
378 1652 447 1706 sunt
468 1662 569 1706 rerum
592 1645 766 1726 primordia,
789 1645 868 1706 nuilla
891 1653 989 1725 potest
1010 1647 1056 1706 vis
1104 1659 1147 1702 ass

136 1742 187 1793 480
206 1737 369 1813 stinguere:
392 1751 460 1793 nam
483 1733 576 1794 solido
599 1736 720 1794 vincunt
742 1752 776 1794 ea
799 1752 923 1813 corpore
947 1734 1073 1796 demum.

207 1825 264 1883 etsi
287 1820 406 1882 difficile
431 1839 496 1882 esse
519 1822 635 1882 videtur
658 1822 779 1883 credere
804 1825 959 1901 quicquam

206 1914 238 1971 in
260 1909 350 1971 rebus
374 1909 467 1970 solido
490 1912 617 1988 reperiri
640 1928 763 1988 corpore
787 1929 882 1989 posse.

206 2001 313 2060 transit
336 2000 416 2059 enim
439 1997 550 2058 lulmen
573 1997 647 2058 caeli
669 2017 723 2077 per
746 2006 845 2078 saepta
869 1999 1023 2060 domorum

135 2094 189 2146 490
206 2086 316 2148 clamor
337 2093 371 2148 ut
394 2105 428 2147 ac
450 2104 550 2166 voees,
572 2086 684 2146 serrum
707 2086 857 2147 candescit
879 2089 909 2147 in
933 2089 1008 2169 igni,
1103 2103 1146 2143 ceo

135 2183 187 2235 485
207 2175 415 2254 dissiliuntque
439 2175 501 2236 lero
525 2175 666 2235 ferventia
691 2193 759 2235 saxa
781 2193 902 2257 vapore,

205 2272 269 2325 tum
291 2263 481 2325 labefactatus
504 2265 585 2342 rigor
608 2265 673 2324 auri
696 2263 818 2324 solvitur
841 2271 937 2345 aestu,

206 2361 269 2415 tum
292 2351 400 2431 glacies
423 2353 500 2413 aeris
523 2350 639 2412 flamma
662 2351 775 2412 devicta
798 2352 948 2434 liquescit3

206 2448 360 2522 permanat
382 2440 460 2501 calor
484 2448 637 2519 argentum
659 2439 868 2519 penetraleque
892 2441 999 2521 lrigus,

135 2537 190 2588 495
206 2528 321 2608 quando
345 2536 503 2606 utrumque
526 2546 615 2588 manu
637 2530 800 2589 retinentes
822 2528 927 2606 pocula
950 2530 1007 2589 rite
1102 2542 1144 2584 asa

135 2624 187 2674 490
207 2618 353 2677 sensimus
376 2616 473 2676 inluso
497 2615 680 2694 lympharum
703 2634 770 2676 rore
795 2635 930 2695 superne.

207 2723 300 2784 usque
324 2704 395 2765 adeo
419 2706 451 2764 in
473 2702 562 2764 rebus
586 2703 673 2764 solidi
695 2704 738 2764 nil
761 2721 826 2766 esse
849 2705 974 2767 ridetur.

207 2794 258 2854 sed
282 2794 351 2872 quia
372 2811 441 2853 vera
463 2799 562 2852 tamen
584 2794 659 2853 ratio
682 2799 844 2871 naturaque
868 2811 968 2854 rerum

207 2884 298 2963 cogit,
321 2882 404 2962 ades,
427 2882 529 2961 paucis
553 2881 623 2941 darm
645 2880 781 2942 versibus
804 2881 994 2960 expediamus

136 2976 190 3029 500
207 2988 272 3031 esse
293 2988 327 3031 ea
347 2988 421 3049 quae
440 2968 533 3030 solido
552 2976 640 3048 atque
659 2976 778 3031 aeterno
797 2987 920 3048 corpore
939 2977 1143 3053 consten13soo

134 3065 187 3116 495
206 3061 318 3119 semina
342 3076 415 3138 quae
438 3076 539 3119 rerum
562 3058 779 3136 primordiaque
804 3075 870 3118 esse
893 3058 1048 3140 docemus,

205 3146 283 3208 unde
307 3149 402 3207 omnis
425 3165 526 3207 rerum
549 3163 627 3206 nunc
651 3153 766 3206 constet
789 3164 902 3207 summa
925 3155 1031 3208 creata.

250 3234 398 3314 Principio
422 3237 560 3314 quoniam
583 3233 690 3313 duplex
713 3242 817 3295 natura
840 3235 965 3296 duarum

206 3321 358 3384 dissimilis
381 3340 483 3383 rerum
505 3322 591 3400 longe
615 3330 750 3383 constare
774 3331 933 3405 repertast,

135 3419 190 3470 505
205 3412 346 3491 eorporis,
370 3418 456 3489 atque
479 3412 546 3494 loci,
571 3428 619 3470 res
642 3413 673 3470 iu
697 3429 754 3490 quo
779 3430 912 3490 quaeque
935 3419 1088 3495 geruntur,
1101 3423 1140 3467 000

131 3506 186 3556 000
203 3517 271 3560 esse
294 3505 449 3582 utramque
473 3500 530 3560 sibi
555 3517 609 3580 per
632 3517 663 3560 se
687 3517 849 3578 puramque
873 3507 1032 3562 necessest.
