2430 3878
98 201 161 266 180
578 199 618 253 VI

167 350 280 410 semina
303 354 486 409 concurrunt
506 347 593 409 calidi
616 346 738 425 fulgoris
761 345 922 406 edictum.

167 439 323 516 sicigitur
346 455 462 517 quoquc
486 454 535 496 res
558 436 679 497 accendi
701 434 823 495 fulmine
847 433 949 514 debet,

168 533 331 606 opportuna
353 525 409 585 fuit
432 528 458 585 si
480 524 556 585 forte
580 531 610 584 et
632 524 737 584 idonea
759 522 894 582 flammis.

98 630 149 679 315
167 632 223 675 neo
244 622 356 674 temere
379 615 499 673 omnino
521 612 607 691 plane
630 614 673 671 vis
696 611 803 689 frigida
825 612 908 670 venti

98 708 155 759 320
168 720 234 762 esse
256 709 367 782 potest,
390 719 424 762 ea
447 719 521 780 quae
545 707 625 760 tanta
647 702 676 760 ri
698 702 790 759 missa
812 705 984 778 supernest,
1057 719 1087 759 no

169 792 253 870 quin,
275 791 359 869 prius
382 791 414 849 in
437 808 527 850 cursu
550 791 657 849 sinon
681 787 853 849 accenditur
874 789 951 868 igni,

169 885 198 938 at
219 879 365 956 tepefacta
386 886 485 938 tamen
508 879 606 937 veniat
629 878 785 938 commixta
808 875 916 935 calore.

185 966 187 971 ’
212 965 358 1026 Mobilitas
382 973 480 1027 autem
502 966 536 1026 fit
557 964 689 1026 fulminis
712 971 742 1024 et
764 966 860 1042 gravis
883 965 975 1044 ictus,

98 1070 150 1119 320
167 1047 177 1138 {l
191 1061 220 1115 at
242 1053 332 1115 celeri
354 1054 447 1115 ferme
469 1061 648 1132 percurrunt
669 1052 792 1113 fulmina
814 1051 913 1132 lapsu,
930 1049 941 1131 ΙΙ

99 1148 155 1201 335
167 1141 297 1203 nubibus
320 1145 384 1221 ipsa
407 1143 486 1221 quod
509 1144 628 1202 omnino
650 1143 734 1220 prius
757 1142 847 1201 incita
870 1158 902 1200 se
925 1142 971 1199 vis
1061 1159 1092 1200 aa

170 1230 281 1310 colligit
303 1239 333 1290 et
354 1248 492 1309 magnum
515 1248 657 1291 conamen
680 1231 771 1290 sumit
794 1227 897 1309 eundi,

168 1319 237 1380 inde
260 1317 313 1380 ubi
335 1337 394 1379 non
415 1321 513 1398 potuit
535 1318 629 1379 nubes
653 1335 757 1396 capere
780 1319 890 1396 inpetis
913 1324 1044 1397 auctum,

169 1409 344 1486 exprimitur
366 1409 410 1466 vis
433 1414 521 1485 atque
543 1407 610 1467 ideo
632 1406 709 1466 volat
731 1407 840 1484 impete
863 1407 954 1487 miro,

99 1511 150 1560 325
170 1502 203 1555 ut
225 1495 329 1555 validis
353 1513 427 1573 quae
451 1495 486 1555 do
509 1496 665 1555 tormentis
687 1496 778 1554 missa
799 1493 944 1554 feruntur.

99 1589 154 1640 330
170 1583 243 1643 adde
268 1583 344 1661 quod
368 1601 384 1643 e
407 1585 505 1661 parvis
528 1590 558 1643 et
579 1582 693 1643 levibus
717 1589 763 1642 est
784 1581 953 1663 elementis,
1062 1603 1095 1643 oro

169 1690 224 1732 neo
247 1670 361 1731 facilest
382 1671 435 1730 tali
457 1677 579 1731 naturae
602 1670 746 1731 obsistere
773 1673 945 1749 quicquam:

169 1761 248 1819 inter
271 1761 350 1819 enim
373 1759 447 1837 fugit
469 1778 503 1820 ac
525 1766 662 1837 penetrat
682 1777 737 1837 per
759 1777 825 1818 rara
846 1761 976 1838 viarum,

170 1865 230 1907 non
251 1849 343 1925 igitur
365 1847 466 1907 multis
489 1847 649 1908 eliensibus
671 1849 703 1907 in
725 1845 900 1907 remorando

99 1952 151 2001 3³0
169 1935 306 2017 haesitat,
329 1935 404 1995 hanc
427 1934 463 1995 ob
487 1953 550 1995 rem
574 1934 664 1996 celeri
686 1934 763 1995 volat
785 1937 895 2013 impete
917 1933 1033 2016 labens,

99 2029 154 2080 335
170 2023 289 2103 deinde,
313 2023 390 2102 quod
414 2026 533 2083 omnino
556 2030 660 2084 natura
682 2023 813 2102 pondera
835 2022 976 2083 deorsum
1063 2043 1097 2084 ooo

170 2114 267 2172 omnia
289 2114 438 2192 nituntur,
461 2130 528 2172 cum
549 2111 664 2190 plagast
686 2111 783 2172 addita
804 2128 888 2191 vero,

169 2199 317 2261 mobilitas
340 2199 506 2279 duplicatur
529 2207 559 2260 ct
581 2202 708 2278 impetus
731 2199 780 2259 ille
804 2200 962 2278 gravescit,

169 2296 203 2349 ut
224 2290 389 2349 vementius
412 2296 442 2348 et
464 2290 552 2349 citius
576 2306 777 2366 quaecumque
800 2293 953 2348 morantur

99 2393 151 2440 335
171 2375 255 2436 obvia
277 2376 416 2436 discutiat
437 2374 531 2454 plagis
553 2378 701 2453 itinerque
726 2381 873 2454 sequatur.

99 2471 153 2522 340
169 2464 296 2541 denique
320 2464 397 2542 quod
420 2463 507 2543 longo
529 2466 610 2524 venit
632 2467 754 2544 impete,
778 2482 896 2524 sumere
919 2463 1008 2524 debet
1064 2490 1098 2528 oro

171 2550 364 2611 mobilitatem
387 2553 475 2611 etiam
498 2558 585 2632 atque
609 2554 711 2632 etiam,
734 2570 808 2630 quae
832 2553 940 2612 crescit
962 2552 1058 2612 eundo

170 2645 200 2698 et
222 2638 332 2699 validas
354 2647 442 2718 auget
463 2642 535 2700 viris
558 2648 588 2700 et
610 2640 730 2701 roborat
751 2642 855 2700 ictum:

169 2746 236 2788 nam
259 2727 330 2788 facit
351 2735 385 2788 ut
407 2746 481 2806 quae
505 2730 565 2788 sint
587 2728 666 2789 illius
689 2730 802 2789 semina
824 2746 951 2807 cumque

100 2833 151 2881 340
171 2835 187 2876 3
210 2818 331 2894 regione
353 2815 452 2876 locum
475 2819 560 2895 quasi
582 2819 614 2877 in
636 2834 729 2877 unum
752 2823 856 2877 cuncta
879 2816 1026 2896 ferantur,

99 2911 153 2963 345
170 2907 267 2964 omnia
290 2906 441 2965 coniciens
464 2906 496 2964 in
519 2923 587 2965 oum
608 2904 754 2966 volventia
777 2922 905 2965 cursum.
1064 2923 1099 2965 ou

169 2992 292 3052 forsitan
315 3011 350 3053 cx
373 2995 438 3071 ipso
461 2995 584 3053 veniens
607 2993 704 3053 trabat
726 2997 794 3053 aere
818 2993 962 3071 quaedam

170 3098 307 3161 corpora,
330 3098 404 3159 quae
426 3080 520 3160 plagis
543 3082 705 3142 incendunt
727 3080 929 3142 mobilitatem.

170 3168 384 3247 incolumisque
408 3171 489 3229 venit
510 3188 564 3247 per
586 3188 636 3229 res
659 3176 746 3248 atque
769 3171 884 3248 integra
906 3171 1014 3230 transit

99 3273 151 3323 343
169 3256 273 3337 multa,
296 3256 489 3318 foraminibus
512 3257 644 3335 liquidus
667 3260 735 3335 quia
757 3257 917 3318 transvolat
940 3250 1028 3335 ignisss

99 3351 153 3404 350
168 3343 319 3423 multaque
341 3345 511 3426 perfringit,
534 3364 602 3405 oum
626 3364 749 3424 corpora
771 3345 905 3406 fulminis
929 3334 1024 3426 ipsi's.
1064 3363 1101 3405 oso

170 3433 343 3512 corporibus
366 3451 467 3494 rerum
489 3434 672 3514 inciderunt,
695 3452 752 3512 qua
775 3441 856 3495 texta
879 3441 1027 3495 tenentur.

159 3521 302 3587 dissoluit
324 3542 419 3608 porro
443 3522 532 3587 facilc
555 3542 607 3585 aes
629 3540 794 3600 aurumque
811 3529 936 3599 repente
