2430 3862
161 151 204 216 22
656 91 668 202 ἰ

232 302 319 375 atque
341 297 372 357 in
395 314 444 356 eas
467 314 587 356 rursum
609 314 657 356 res
681 297 778 356 omnia
802 293 1019 375 dissoluuntur,

161 391 217 444 705
233 386 285 463 qui
306 386 398 463 magis
421 384 471 445 illa
494 389 606 463 queunt
628 401 728 444 rerum
750 382 911 462 primordia
933 381 994 442 dici
1126 396 1159 438 ru

162 479 214 529 700
233 489 320 551 qnam
342 478 443 532 contra
466 490 514 532 res
537 472 656 532 illorum
678 479 817 549 retroque
840 466 959 549 putari?

232 559 353 620 alternis
376 563 535 638 gignuntur
558 562 637 619 enim
659 565 832 637 mutantque
855 557 986 618 colorem

163 659 213 709 762
233 654 262 708 et
283 655 373 709 totam
396 650 474 708 inter
497 665 528 707 se
551 654 685 708 naturam
707 653 840 725 tempore
863 645 898 706 ab
922 648 1012 707 omni.
1124 667 1160 708 ua

163 744 214 793 704
234 738 279 796 sin
302 739 342 796 ita
365 737 440 796 forte
463 741 549 814 putas
572 737 648 814 ignis
670 740 826 813 terraeque
849 736 929 795 coire
1047 790 1053 796 .
1127 748 1163 788 70

163 829 214 878 nco
233 842 340 903 corpus
364 830 392 883 et
415 825 509 884 adrias
532 841 618 884 auras
640 840 796 901 roremque
820 822 957 903 liquoris,

232 911 274 972 nil
296 915 328 973 in
351 911 474 972 concilio
496 918 631 972 naturam
653 917 687 971 ut
707 917 802 971 mutet
823 928 939 991 eorum,

232 999 312 1060 nulla
333 1000 388 1060 tibi
410 1018 447 1061 ex
469 999 528 1060 illis
550 1000 659 1078 poterit
681 1017 730 1060 res
754 1017 819 1059 esse
843 1004 953 1078 creata,

232 1106 292 1148 non
314 1091 460 1168 animam,
482 1106 542 1148 non
564 1089 698 1149 exanimo
721 1104 787 1147 cum
811 1104 949 1167 corpore,
971 1092 1005 1145 ut
1029 1084 1131 1148 arbos:

162 1181 218 1234 775
234 1179 342 1255 quippe
366 1195 448 1237 suam
471 1179 597 1256 quicque
620 1178 651 1234 in
674 1182 760 1236 coetu
782 1176 922 1235 variantis
944 1176 1044 1234 acervi
1127 1187 1164 1229 us

163 1271 215 1320 770
232 1272 367 1324 naturam
390 1264 537 1344 ostendet,
559 1267 726 1342 mixtusque
749 1263 897 1323 videbitur
918 1266 970 1322 aer

234 1370 301 1412 cum
323 1361 402 1412 terra
425 1351 512 1411 simul
534 1357 621 1430 atque
645 1350 731 1410 ardor
754 1369 821 1411 cum
843 1368 911 1410 rore
934 1367 1064 1411 manere.

233 1447 264 1499 at
285 1440 445 1518 primordia
468 1439 624 1517 gignundis
646 1440 678 1498 in
700 1437 790 1499 rebus
813 1444 929 1516 oportet

233 1535 369 1587 naturam
392 1526 602 1586 clandestinam
625 1543 799 1605 caecamque
824 1525 976 1605 adhibere,

163 1620 220 1672 780
233 1617 361 1675 emineat
382 1632 419 1674 ne
443 1614 527 1694 quid,
550 1615 628 1693 quod
651 1621 752 1675 contra
774 1621 884 1693 pugnet
907 1620 937 1674 et
959 1611 1058 1674 obstet
1128 1626 1166 1667 780

165 1709 215 1759 770
236 1720 293 1781 quo
316 1704 414 1762 minus
437 1719 501 1762 csse
525 1708 612 1781 queat
633 1704 752 1781 proprie
775 1701 980 1780 quodcumque
1003 1707 1131 1761 creatur.

279 1790 355 1861 Quin
378 1792 466 1850 etiam
488 1797 626 1868 repetunt
648 1808 664 1850 a
687 1789 767 1850 caelo
790 1796 877 1868 atque
899 1788 1018 1867 ignibus
1041 1790 1108 1850 eius

236 1883 266 1938 et
287 1880 416 1957 primum
438 1878 549 1938 faciunt
571 1880 669 1956 ignem
692 1896 724 1938 se
747 1885 862 1938 vertere
885 1878 917 1936 in
939 1894 1026 1937 auras

235 1968 326 2046 aeris,
348 1967 417 2026 hinc
439 1965 565 2026 imbrem
588 1968 681 2046 gigni,
702 1973 870 2044 terramque
894 1966 989 2025 creari

166 2059 221 2113 785
235 2072 271 2114 ex
294 2053 394 2135 imbri,
417 2061 555 2133 retroque
579 2072 595 2114 a
617 2060 697 2114 terra
719 2060 824 2113 cuncta
846 2054 968 2132 reverti,
1128 2064 1166 2106 aas

166 2149 218 2198 780
236 2159 370 2203 umorem
391 2144 532 2223 primum,
554 2148 621 2222 post
643 2147 723 2221 aera,
746 2140 852 2201 deinde
875 2139 1016 2221 calorem,

237 2249 291 2292 nec
315 2249 431 2291 cessare
453 2230 525 2290 haec
547 2232 626 2290 inter
648 2248 681 2290 se
703 2235 830 2309 mutare,
855 2246 954 2289 meare

237 2338 253 2380 a
276 2318 355 2379 caelo
379 2319 414 2379 ad
437 2325 560 2398 terram,
583 2318 620 2378 de
641 2325 728 2393 terra,
744 2317 779 2377 ad
803 2315 900 2376 sidera
922 2315 1032 2376 mundi.

238 2406 315 2484 quod
339 2407 434 2466 facere
457 2405 535 2466 haud
557 2405 617 2466 ullo
641 2405 748 2466 debent
769 2404 930 2483 primordia
952 2411 1046 2483 pacto.

167 2500 222 2551 790
235 2492 416 2553 immutabile
440 2495 519 2553 enim
542 2493 679 2572 quiddam
702 2511 842 2571 superare
865 2498 1030 2572 necessest,
1129 2506 1168 2547 uo

168 2586 275 2640 785110
297 2597 346 2639 res
368 2579 404 2639 ad
427 2579 518 2640 nilum
541 2581 711 2659 redigantur
733 2580 865 2641 funditus
887 2597 1004 2660 omnes;

237 2685 304 2727 nam
328 2666 532 2746 quodcumque
555 2671 617 2729 suis
639 2675 783 2729 mutatum
806 2668 914 2729 finibus
937 2670 1011 2748 exit,

238 2757 375 2816 continuo
398 2755 454 2816 hoc
476 2773 556 2816 mors
580 2762 625 2816 est
647 2756 726 2818 illius
749 2757 828 2835 quod
850 2756 906 2817 fuit
928 2762 1004 2817 ante.

239 2851 416 2922 quapropter
439 2846 576 2922 quoniam
599 2863 672 2922 quae
695 2844 781 2924 paulo
804 2845 932 2904 diximus
955 2851 1022 2904 ante

168 2935 223 2988 795
238 2933 269 2991 in
292 2938 500 2992 commutatum
522 2933 657 3012 veniunt,
679 2939 814 2993 constare
835 2938 988 2993 necessest
1130 2946 1169 2988 us

169 3025 220 3075 700
239 3037 275 3079 ex
297 3019 362 3080 aliis
385 3039 431 3101 ea,
456 3038 530 3098 quae
552 3028 699 3098 nequeant
721 3022 887 3081 convertier
908 3037 1048 3101 usquam,

238 3125 275 3167 ne
298 3107 353 3168 tibi
375 3126 424 3168 res
446 3108 568 3170 redeant
590 3108 627 3168 ad
649 3108 740 3169 nilum
763 3108 894 3169 funditus
917 3125 1029 3168 omnes.

239 3197 310 3273 quin
331 3199 429 3274 potius
452 3195 504 3257 tali
526 3203 629 3257 natura
652 3197 783 3275 praedita
807 3195 948 3276 quaedam

239 3300 361 3361 corpora
384 3287 558 3365 constituas,
581 3286 680 3362 ignem
703 3287 729 3344 si
750 3285 826 3344 forte
849 3286 990 3364 crearint,

163 3377 225 3428 800
237 3388 325 3450 posse
348 3372 463 3455 eadem,
486 3373 613 3451 demptis
636 3374 737 3452 paucis
760 3374 920 3451 paucisque
944 3371 1077 3452 tributis,
1130 3386 1170 3426 000
