2430 3878
98 181 161 246 134
381 208 384 215 ยน
583 181 609 237 V

167 329 280 410 accidat
303 331 426 390 exitium
449 328 523 390 caeli
545 335 701 408 terraeque
725 330 870 410 futurum,

168 424 197 478 et
220 436 306 497 quam
331 416 450 478 dillicile
472 417 503 478 id
526 417 600 478 mihi
623 419 661 477 sit
683 420 855 496 pervincere
879 416 979 498 dictis3

98 523 149 572 100
168 512 201 567 ut
222 507 256 566 lit
278 504 331 565 ubi
352 504 500 566 insolitam
522 524 587 566 rem
609 505 746 585 adportes
770 505 891 566 auribus
914 511 996 585 ante,

168 613 223 655 nee
244 601 343 654 tamen
365 594 441 654 banc
463 596 560 672 possis
584 593 736 654 oculorum
760 593 886 653 subdere
909 595 975 653 visu

167 701 223 743 nec
245 685 342 742 iacere
365 681 438 741 indu
460 699 577 763 manus,
600 684 647 743 via
670 701 727 760 qua
749 683 862 742 munita
885 680 956 742 fidei

135 777 139 789 '
167 773 301 850 proxima
323 770 381 830 lert
403 770 562 830 humanum
585 772 616 830 in
638 776 742 848 pectus
765 769 933 849 templaque
955 772 1077 832 mentis.

168 859 220 919 sed
242 866 342 919 tamen
364 857 483 918 effabor.
520 858 606 918 dictis
630 857 711 918 dabit
733 860 797 936 ipsa
819 858 907 918 fidem
931 876 995 939 reS,

100 961 149 1012 105
168 948 304 1027 forsitan,
328 953 357 1006 et
380 949 508 1024 graviter
529 954 676 1007 terrarum
699 945 827 1007 motibus
851 948 924 1006 ortis

168 1037 265 1095 omnia
288 1036 479 1113 conquassari
501 1037 533 1094 in
555 1053 643 1114 parvo
666 1040 799 1113 tempore
822 1053 935 1095 cernes.

169 1122 246 1203 quod
268 1122 373 1202 procul
395 1142 411 1183 0
433 1122 519 1183 nobis
542 1123 641 1183 flectat
662 1123 780 1183 fortuna
802 1122 985 1203 gubernans,

169 1218 199 1271 et
221 1213 296 1272 ratio
319 1213 417 1290 potins
441 1230 528 1290 quam
551 1229 599 1271 res
622 1211 799 1291 persuadeat
820 1214 884 1290 ipsa

169 1299 321 1360 succidere
344 1299 499 1360 horrisono
522 1317 609 1378 posse
634 1302 731 1359 omnia
753 1301 829 1359 victa
852 1300 977 1377 fragore.

100 1403 150 1452 110
214 1387 276 1458 Qua
298 1390 382 1466 prius
405 1388 559 1466 adgrediar
583 1405 670 1467 quam
693 1387 729 1448 de
752 1406 784 1447 re
807 1387 932 1448 fundere
954 1388 1015 1448 lata

170 1478 299 1536 sanctius
323 1482 352 1535 et
374 1475 466 1535 multo
489 1482 569 1535 certa
591 1479 705 1537 ratione
728 1477 821 1554 magis
844 1492 932 1554 quam

168 1563 271 1642 Pythia
295 1582 368 1641 quae
391 1563 507 1643 tripode
531 1583 547 1623 0
569 1562 680 1624 Phoebi
703 1562 843 1641 lauroque
866 1565 1014 1647 profatur,

170 1651 261 1712 multa
283 1651 339 1711 tibi
362 1651 515 1729 expediam
538 1651 631 1711 doctis
655 1651 761 1712 solacia
785 1652 884 1732 dictis,

169 1739 312 1817 religione
335 1738 502 1799 refrenatus
524 1757 561 1798 ne
584 1739 660 1800 forte
683 1742 776 1800 rearis

100 1842 151 1893 115
169 1834 265 1887 terras
288 1833 317 1886 et
341 1826 432 1887 solem
456 1835 485 1887 et
507 1826 633 1908 caelum,
655 1846 736 1888 mare
760 1828 857 1889 sidera
880 1826 993 1909 lunam,

171 1934 293 1994 corpore
317 1915 416 1975 divino
440 1914 548 1976 debere
571 1923 690 1976 aeterna
711 1934 845 1996 manere,

169 2011 384 2083 proptereaque
407 2011 494 2082 putes
517 2006 578 2064 ritu
599 2022 653 2083 par
675 2022 741 2064 esse
765 2003 922 2081 Gigantum

138 2097 142 2111 '
169 2092 298 2172 pendere
323 2109 373 2152 eos
395 2109 505 2171 poenas
527 2095 639 2152 inmani
660 2110 715 2171 pro
739 2091 850 2152 scelere
874 2095 984 2173 omnis,

171 2183 222 2261 qui
244 2182 356 2241 ratione
381 2198 434 2240 sua
457 2180 623 2241 disturbent
646 2182 761 2240 moenia
783 2179 887 2239 mundi

102 2285 151 2333 120
169 2268 412 2348 praeclarumque
434 2267 525 2328 velint
547 2267 622 2328 caeli
644 2270 829 2347 restinguere
853 2266 960 2349 solem,

170 2356 336 2417 inmortalia
357 2355 474 2416 mortali
497 2374 632 2416 sermone
655 2363 803 2436 notantes3

171 2463 244 2524 quae
266 2443 370 2523 procul
392 2463 487 2522 usque
510 2444 582 2504 adeo
606 2444 704 2505 divino
727 2445 882 2505 anumine
905 2443 1017 2503 distant

170 2535 260 2611 inque
283 2531 371 2591 deum
393 2550 516 2592 numero
541 2549 614 2611 quae
638 2533 698 2593 sint
720 2532 840 2610 indigna
863 2531 1013 2611 videntur,

170 2621 305 2681 notitiam
327 2621 425 2697 potius
447 2619 589 2698 praebere
612 2627 646 2680 ut
666 2638 753 2699 posse
776 2626 918 2698 putentur

101 2725 151 2774 125
171 2707 241 2788 quid
265 2710 303 2768 sit
325 2707 406 2767 vitali
427 2714 510 2768 motu
533 2727 679 2786 sensuque
702 2715 855 2768 remotum.

171 2799 278 2876 quippe
302 2798 411 2856 etenim
434 2813 493 2855 non
516 2803 573 2876 est,
596 2815 663 2856 cum
687 2798 790 2874 quovis
813 2813 937 2875 corpore
959 2803 993 2857 ut
1016 2814 1080 2856 esse

170 2903 257 2964 posse
281 2886 372 2944 animi
393 2890 497 2944 natura
518 2890 639 2962 putetur
661 2884 883 2962 consiliumque.
1065 2907 1104 2945 mr

172 2972 250 3051 quod
269 2974 407 3051 quoniam
420 2979 521 3032 nostro
536 2989 652 3050 quoque
667 2979 782 3033 constat
795 2989 919 3051 corpore
936 2979 1051 3032 eertum
1066 2996 1106 3034 rea

172 3061 406 3140 dispositumque
429 3060 544 3120 videtur
566 3059 618 3119 ubi
640 3078 706 3120 esse
730 3068 760 3121 et
782 3078 916 3120 crescere
939 3063 1036 3142 possit

100 3166 152 3215 130
172 3166 306 3209 seorsum
319 3151 415 3208 anima
429 3155 516 3226 atque
531 3150 654 3228 animus,
667 3155 748 3209 tanto
763 3150 855 3226 magis
865 3148 1051 3210 infitiandum
1067 3173 1106 3211 140

100 3244 263 3304 141totum
285 3243 478 3316 posseextra
501 3253 607 3314 corpus
630 3237 813 3315 formamque
836 3236 993 3297 animalem

170 3326 306 3405 putribus
330 3327 361 3385 in
384 3324 477 3403 glebis
500 3332 647 3385 terrarum
670 3333 720 3385 aut
743 3325 813 3385 solis
836 3327 868 3385 in
891 3327 952 3404 igni

172 3420 222 3474 aut
245 3415 276 3472 in
300 3431 375 3491 aqua
397 3413 503 3474 durare
527 3419 577 3473 aut
599 3412 664 3473 altis
688 3414 816 3475 aetheris
839 3415 908 3473 oris.

344 3497 862 3582 [ras-tou=nruei-roo.
