2430 3878
98 197 184 252 XLVI
461 198 735 254 PROLEGOMENA

93 343 270 423 primordia
301 361 417 406 rerum
448 343 506 416 00.
538 362 648 408 cuum
674 347 736 408 Lm.
763 347 794 407 Β.
824 345 909 426 iouqe
936 346 1033 407 Giuss.
1059 378 1105 392 -

100 431 163 495 715
182 431 262 513 iude,
279 433 378 512 philol.
397 433 472 492 XXV
486 432 542 496 68:
560 433 596 496 in
614 438 641 497 te
659 436 716 507 OQ.
735 435 818 496 intus
832 435 893 495 Lm.
912 433 1106 497 111318-

100 519 163 583 718
181 518 281 596 hisce,
305 522 382 600 quod
400 519 507 600 hisque
525 527 643 603 scripsit
661 524 746 584 Roos.
766 528 796 584 in
816 523 1053 584 annotationibus
1068 522 1104 583 ad

99 609 129 669 L.
148 616 316 688 poematum
330 610 421 670 libros
436 618 496 670 tres
510 614 635 692 priores,
649 632 676 691 p.
691 610 748 672 43:
767 611 889 675 eadem
901 609 981 673 ratio
996 610 1105 674 dister-

98 696 200 759 minat
221 699 330 760 omnis
348 694 417 777 <res
437 698 565 777 .....>:
588 697 637 761 itis
659 699 810 778 quaedam
833 695 975 783 (quidum
996 695 1103 783 Q)...

99 786 158 858 00.
181 784 237 862 its,
261 784 413 865 quaedam
431 834 437 846 .
453 834 481 847 ..
505 787 611 848 omnic
628 787 699 863 Lm,
721 784 831 848 iterum
852 792 884 847 in
907 789 1010 848 eadem
1032 806 1103 848 voce

99 893 234 956 peccans,
257 875 292 934 ci.
311 875 324 934 1
344 871 438 955 1092,
461 883 494 934 ut
518 879 605 935 etiam
625 875 721 955 Bern,
745 879 796 955 qui
815 878 862 936 hic
881 895 997 955 quoquc
1016 894 1105 938 omne

100 962 215 1043 scribit,
248 963 284 1023 ci.
311 982 338 1041 p.
366 962 413 1023 XI.
446 980 483 1024 eo
508 980 557 1025 res
584 963 666 1026 ratio
692 963 887 1026 disterminat
914 963 1014 1026 omnis
1040 965 1103 1044 Mr,

99 1051 205 1111 melius
237 1049 378 1111 Lambino
486 1050 590 1112 eudem
624 1052 706 1114 ratio
742 1071 790 1114 res
826 1051 972 1114 terminat
1001 1069 1105 1114 omnes

99 1139 261 1219 scribente,
284 1157 351 1199 nam
375 1139 580 1200 disterminare
604 1141 725 1201 verbum
751 1150 796 1202 est
818 1141 1044 1202 Ciceronianum
1066 1160 1103 1201 ex

99 1228 214 1288 Arateis
236 1223 322 1287 144.
363 1227 489 1306 probant
515 1235 613 1289 tamen
636 1229 724 1289 Goeb.
749 1237 860 1308 quaest.
883 1249 910 1307 p.
936 1226 976 1289 11
1001 1237 1031 1289 et
1051 1227 1103 1290 29.

101 1353 142 1361 —
176 1317 267 1396 [723]
295 1318 408 1378 Gneiss.
437 1319 506 1378 diss.
534 1337 561 1396 p.
587 1316 637 1379 54.
670 1351 712 1360 —
746 1315 807 1379 731
841 1314 941 1378 olium
967 1317 1104 1396 quemvis

100 1424 178 1486 quoe
208 1408 281 1466 sunt
310 1404 428 1468 induta
458 1403 585 1468 colorem
615 1404 714 1465 Lamb.
743 1406 778 1465 ci.
805 1405 905 1484 philol.
933 1405 1024 1481 XXVI
1047 1405 1104 1469 68:

102 1513 158 1574 que
184 1495 258 1555 sunt
281 1490 390 1555 inbuto
411 1490 506 1555 colore
524 1494 582 1564 00.
622 1511 680 1573 quo
702 1496 775 1555 suut
795 1491 904 1554 iubeto
925 1488 1021 1554 colore
1043 1493 1105 1553 Lm.

101 1583 133 1643 Β.
156 1600 234 1661 quoe
255 1585 329 1643 suat
347 1579 466 1642 imbuta
487 1578 620 1644 colorem.
638 1615 683 1625 -
702 1581 764 1644 738
784 1601 847 1661 sqq.
870 1599 939 1643 cum
956 1579 1107 1660 eoeciperci

190 1671 375 1749 eopaoscuut
402 1687 529 1748 corporo
560 1672 652 1745 tactu,
683 1687 721 1731 eac
751 1668 873 1731 ineunte
904 1687 989 1745 oeoo,
1020 1665 1106 1731 1111171

101 1757 262 1822 coetaneo
288 1755 394 1834 colore,
421 1758 520 1837 philol.
548 1757 624 1817 XXV
647 1756 698 1820 68.
742 1757 789 1818 bis
817 1759 950 1837 distinxi,
973 1776 1010 1817 ne
1039 1760 1106 1836 quis

102 1855 203 1927 postea
230 1847 301 1906 haec
331 1849 371 1906 ita
399 1849 545 1925 acciperet
571 1854 604 1907 ut
625 1846 696 1906 Poll.
724 1846 823 1925 philol.
846 1845 921 1905 XXV
944 1842 1009 1906 324
1036 1846 1108 1906 iecit

103 1945 152 1996 aut
174 1943 207 1995 ut
224 1934 423 1995 Hoerschelm.
447 1934 590 1994 observat.
612 1953 640 2014 p.
663 1931 693 1995 4.
735 1937 906 2012 caecigenos
925 1934 996 1993 dicit
1018 1941 1107 2012 poeta

101 2024 170 2084 inde
198 2042 214 2083 a
241 2025 342 2102 pueris
369 2040 492 2101 corpora
518 2028 598 2082 tactu
625 2041 815 2103 cognoscere,
847 2022 974 2082 colorem
1002 2024 1034 2081 in
1062 2025 1107 2082 eis

102 2130 162 2172 non
185 2129 375 2189 cognoscere:
398 2111 444 2170 his
468 2113 557 2189 igitur
579 2129 627 2171 res
651 2118 720 2171 sunt
743 2113 806 2171 sine
829 2110 940 2189 colore,
965 2116 998 2170 ut
1020 2110 1108 2170 nobis

103 2218 230 2280 quoque,
252 2199 432 2260 intenebris
452 2202 478 2259 si
499 2218 610 2279 sumus,
633 2200 667 2260 ci.
686 2219 711 2259 v.
732 2196 795 2259 743
815 2218 856 2277 sq.
876 2198 969 2258 Bentl.
987 2217 1107 2258 versum

103 2289 187 2349 illum
208 2297 275 2368 post
299 2284 362 2350 745
386 2283 464 2370 (748
484 2281 560 2370 Lm.)
584 2290 679 2367 ponit:
703 2307 759 2366 qua
777 2289 1004 2366 transpositione
1028 2287 1107 2347 resu-

4 2410 6 2416 .
103 2385 162 2437 tata
185 2384 252 2437 ante
274 2394 300 2435 r.
326 2371 388 2438 746
411 2376 514 2436 lacuna
536 2376 605 2435 hiat.
644 2376 770 2436 eundem
788 2393 906 2435 versum
929 2377 1017 2434 etiam
1040 2383 1109 2453 post

104 2483 135 2524 se
160 2464 268 2544 habere
291 2463 424 2523 lacunam
442 2466 501 2523 iam
522 2482 610 2543 supra
630 2464 724 2543 docui,
742 2483 769 2542 p.
784 2463 860 2521 XXV
879 2511 885 2523 .
901 2510 929 2523 ..
948 2465 977 2524 et
993 2460 1108 2525 omnis:

104 2552 152 2613 iri
174 2549 273 2613 omnis
290 2549 367 2611 Flor.
387 2548 438 2631 31,
460 2569 504 2629 vg.
523 2581 568 2594 -
586 2549 649 2614 782
672 2557 775 2614 extra
797 2551 855 2622 00.
874 2552 906 2612 Β.
924 2551 977 2611 Mr.
1000 2569 1038 2612 eac
1058 2549 1109 2612 its

104 2638 165 2700 Lm.
171 2686 180 2719 ,
216 2641 362 2699 sententia
397 2657 456 2699 non
491 2647 653 2718 perspecta.
686 2672 728 2682 -
760 2646 827 2718 post
860 2637 924 2700 784
954 2641 1109 2718 perierunt

103 2745 216 2805 versus
231 2725 338 2806 quibus
352 2726 382 2786 id
396 2726 628 2787 demonstratum
642 2729 705 2804 fuit,
722 2727 758 2787 ad
773 2727 850 2806 quod
865 2730 896 2787 in
910 2746 953 2787 vv.
970 2723 1034 2789 785
1044 2746 1109 2806 sqq.

97 2823 134 2876 -et
158 2813 220 2877 792
245 2834 307 2894 sqq.
335 2817 566 2894 respicitur
590 2835 633 2875 vv.
658 2812 832 2879 817-825
855 2816 983 2895 Susam,
1007 2815 1109 2893 philol.

103 2903 179 2965 XXV
208 2901 250 2965 70
273 2922 315 2982 sq.
344 2911 394 2964 aut
420 2911 487 2982 post
510 2900 575 2965 794
602 2911 651 2964 aut
677 2912 745 2983 post
769 2902 830 2966 787
857 2904 995 2964 collocari
1017 2903 1109 2964 iubet.

103 3024 148 3036 -
170 2989 233 3054 806
256 2987 393 3071 refuipet
411 2990 468 3062 00.
488 2991 540 3052 Mr.
563 2988 689 3070 rescipit
708 2991 770 3051 Lm.
789 2992 820 3052 Β.
840 2993 875 3052 cs.
895 3012 922 3070 p.
943 2990 1041 3052 XXIV.
1065 3025 1111 3035 —

104 3077 168 3142 808
187 3097 264 3158 quoe
276 3077 339 3141 sito
352 3077 541 3142 cervicemst
553 3079 667 3141 circum
680 3076 845 3157 coitumque
859 3081 989 3154 coronat,
1004 3074 1110 3158 philol.

103 3167 179 3228 XXV
203 3163 257 3228 73“’;
280 3166 405 3230 ceroims
448 3215 479 3228 ..
503 3167 561 3239 00.
584 3168 649 3228 edd.
672 3202 714 3211 -
738 3165 803 3230 810
825 3168 957 3246 quodam
978 3164 1111 3248 'rsercsrq

103 3275 163 3317 non
186 3256 313 3335 quodam
336 3275 439 3337 sensu,
461 3263 495 3317 ut
518 3256 557 3336 id,
580 3256 616 3315 de
640 3275 697 3334 quo
720 3256 875 3317 Lucretius
898 3257 935 3316 lV
956 3252 1022 3317 430
1047 3275 1110 3335 sqq.

104 3345 185 3424 dicit,
203 3344 255 3404 sed
272 3345 397 3422 quodam
416 3344 536 3404 luminis
555 3346 628 3424 ictu,
647 3363 672 3403 v.
688 3341 760 3406 814.
794 3348 886 3405 sensit
905 3347 1007 3404 vitium
1026 3344 1109 3404 Bkm.

104 3433 155 3493 sed
179 3450 246 3492 cum
270 3449 391 3494 escensu
413 3434 540 3512 scripsit,
564 3450 623 3492 non
647 3435 783 3492 correxit.
806 3465 852 3476 —-
874 3431 938 3495 826
961 3438 1111 3494 austrum

97 3514 248 3602 (osiam)
267 3520 377 3582 Wairci.
403 3520 491 3582 Goeb.
515 3528 626 3602 quaest.
646 3519 761 3581 Lucret.
784 3540 811 3600 p.
828 3519 877 3582 13.
908 3522 973 3581 Mn:
997 3538 1111 3582 aarum
