2430 3878
107 187 184 241 XXX
470 188 751 244 PROLEGOMENA.

110 333 294 417 eoa-995,
321 337 360 396 lll
384 334 567 418 aar-349,
590 335 774 418 682-667,
798 333 981 416 840-858,
1004 333 1108 397 909-

19 440 23 445 ’
110 420 241 505 915,111
265 422 448 505 sot-346,
471 422 655 505 525-531,
677 423 861 504 688-706,
884 426 907 484 V
930 421 1114 487 842-8oe

110 512 252 573 accedunt
274 513 292 574 l.
315 514 351 574 Vl
373 532 416 574 vv.
441 511 615 576 833-840
638 522 668 575 et
690 511 873 576 941-943,

197 600 232 661 ln
250 620 353 662 eorum
372 605 512 662 carminis
530 603 730 663 membrorum
749 620 881 683 numero,
900 621 974 681 quae
995 601 1114 682 seclusi,

111 697 179 750 sunt
207 708 280 768 quae
311 691 361 751 alii
393 689 449 751 alio
476 691 695 769 transponendo
721 693 863 751 carminis
889 693 1114 751 continuitatem

110 796 142 838 se
174 781 330 839 restituere
358 797 445 857 posse
474 779 531 839 sibi
558 781 614 839 visi
642 783 708 840 sint.
757 781 836 839 inter
863 792 936 857 quos
963 778 1114 858 adolphus

109 865 346 946 llannengiesser
372 867 568 928 nominandus
596 875 654 948 ost,
681 871 732 946 qui
760 867 796 927 de
821 866 952 927 Lucretii
977 866 1114 927 versibus

109 955 336 1034 transponendis
351 958 471 1034 scripsit
485 955 639 1034 Gottingae
655 953 748 1018 1878.
785 974 839 1033 ego
858 974 927 1016 vero
941 956 996 1015 hoc
1009 958 1113 1034 utique

108 1046 200 1124 tenui,
217 1051 259 1124 ut,
283 1042 377 1104 sicubi
398 1043 520 1104 dubium
542 1052 622 1105 esset
644 1051 762 1105 rectene
786 1044 876 1122 aliqui
898 1062 1001 1104 versus
1021 1043 1114 1104 alium

109 1133 140 1192 in
172 1131 270 1192 locum
296 1133 528 1193 transferrentur
555 1151 661 1213 necne,
688 1132 872 1193 secluderem
898 1135 997 1210 potius
1025 1150 1112 1210 quam

109 1219 166 1280 alio
183 1222 311 1297 migrare
325 1219 468 1280 iuberem.
500 1239 568 1280 nam
585 1220 748 1281 cavendum
761 1220 922 1300 videbatur,
940 1239 978 1280 ue
997 1219 1114 1298 longius

110 1327 197 1387 quam
216 1315 246 1368 et
264 1325 337 1387 opus
357 1315 387 1367 et
403 1326 458 1387 par
479 1316 550 1389 erat,
569 1327 585 1368 a
603 1309 711 1369 tradito
729 1311 991 1387 argumentationis
1009 1309 1114 1369 ordine

109 1396 306 1457 recederetur.
341 1396 420 1474 quod
443 1399 506 1456 cavi
525 1415 592 1457 cum
611 1396 681 1457 alias
699 1404 762 1457 tum
781 1400 813 1456 in
831 1396 899 1456 libri
917 1399 999 1457 tertii
1016 1397 1114 1457 media

110 1492 202 1565 parte,
220 1483 272 1544 ubi
292 1483 486 1544 Susemihlius
504 1484 617 1545 nullum
636 1485 698 1545 sere
717 1484 925 1564 disputationis
946 1484 1114 1546 membrum

110 1591 163 1633 suo
190 1572 255 1633 loco
283 1575 403 1652 retinet,
427 1574 466 1633 ita
491 1580 604 1653 tamen,
626 1580 659 1633 ut
685 1575 748 1652 ipse
777 1573 924 1652 duplicem
952 1592 1017 1634 esse
1045 1582 1113 1653 apte

108 1668 207 1740 partes
239 1660 415 1739 disponendi
441 1663 518 1720 riam
548 1662 700 1742 concedat,
727 1661 826 1740 philol.
854 1660 955 1721 XXVII
980 1657 1024 1722 49
1048 1680 1113 1740 sqq.

108 1752 207 1828 itaque
225 1767 290 1830 ego,
308 1756 340 1809 ut
358 1751 390 1809 in
409 1767 441 1808 re
460 1751 656 1809 incertissima
675 1780 713 1792 —
735 1767 802 1810 nam
821 1749 899 1820 allud
918 1757 1033 1828 poterat
1051 1749 1113 1810 dia-

108 1837 231 1898 lecticus
259 1840 290 1896 in
312 1837 466 1916 partiendo
493 1844 522 1897 et
545 1837 727 1916 disponendo
751 1840 835 1916 sequi
858 1837 936 1897 aliud
959 1844 1046 1916 poeta
1069 1871 1112 1882 —

108 1925 151 1986 ibi
180 1944 196 1986 a
228 1925 300 1985 locis
328 1925 555 2004 transponendis
583 1944 631 1986 me
659 1925 801 2006 abstinui,
828 1929 887 1986 nisi
915 1925 992 2002 quod
1020 1925 1113 1987 Lach-

108 2032 248 2074 mannum
276 2020 394 2073 secutus
422 2031 487 2073 sum
514 2032 558 2074 vv.
586 2012 760 2077 686-689
788 2016 866 2074 inter
893 2009 958 2076 694
990 2021 1020 2074 et
1047 2013 1114 2076 695

108 2105 298 2162 inserentem.
340 2108 409 2161 sunt
427 2119 497 2161 vero
520 2104 608 2162 etiam
632 2102 705 2162 aliae
729 2101 885 2162 nonnullae
908 2104 939 2161 in
962 2101 1012 2161 illo
1036 2101 1113 2162 libro

108 2192 353 2269 transpositiones
381 2189 416 2250 ab
444 2189 580 2250 omnibus
607 2190 759 2270 probatae,
783 2190 819 2250 de
843 2189 950 2269 quibus
977 2190 1026 2250 hic
1053 2191 1114 2251 dici

108 2297 182 2358 opus
205 2297 264 2339 non
287 2285 366 2349 est..

196 2367 283 2428 Plura
309 2368 342 2427 in
369 2369 475 2426 ceteris
503 2365 588 2426 libris
615 2368 795 2445 transposui,
823 2373 873 2426 aut
900 2366 1113 2428 Susemihlium

39 2446 41 2450 ’
108 2455 363 2516 Bockemirllerum
380 2450 544 2532 Bergkium
562 2454 735 2515 Munronem
754 2454 1018 2532 Stuereuburgium
1039 2455 1113 2516 alios

109 2551 228 2604 secutus
248 2549 298 2603 aut
315 2545 379 2620 ipso
398 2545 445 2602 rei¹
461 2551 570 2602 auctor.
611 2545 687 2603 scias
706 2560 775 2601 vero
794 2560 841 2602 me
859 2560 998 2603 versuum
1017 2550 1113 2604 trans-

109 2633 289 2710 positiouum
303 2631 465 2708 antiquitus
479 2630 515 2690 ab
529 2629 665 2690 omnibus
679 2629 868 2709 probatarum
881 2650 919 2692 ne
932 2632 982 2691 hie
992 2633 1112 2710 quidem

108 2721 288 2780 mentionem
307 2718 411 2778 lacere.
451 2721 484 2778 in
503 2720 598 2797 primo
616 2720 708 2796 igitur
726 2718 802 2779 libro
822 2736 889 2779 oum
908 2719 1062 2780 Stuerenb.
1083 2727 1113 2781 ot

108 2807 191 2868 Bkm.
205 2825 248 2868 vr.
263 2803 328 2868 205
342 2825 405 2885 sqq.
424 2813 491 2886 post
505 2803 570 2866 214
586 2839 627 2848 —
644 2809 676 2867 in
694 2807 973 2886 transpositionibus
986 2807 1112 2869 Leiden-

110 2899 187 2956 sium
205 2897 337 2956 numeris
354 2903 431 2975 utor,
452 2896 503 2974 qui
521 2895 611 2955 iidem
630 2902 698 2955 sunt
716 2894 945 2956 Lachmanniani
958 2928 1001 2939 -—
1016 2903 1112 2957 trans-

109 2986 204 3064 posui,
227 3002 264 3043 ne
288 2982 414 3061 capitulo
436 2985 514 3043 iusta
537 2982 666 3044 clausula
686 2983 810 3045 deesset.
846 2987 918 3044 item
937 2981 1112 3047 577-588

110 3079 176 3133 ante
195 3068 258 3134 551
279 3071 425 3152 collocari,
444 3074 623 3150 argumentis
638 3089 654 3130 a
669 3071 846 3132 Susemihlio
861 3075 893 3132 in
905 3072 1004 3152 philol.
1019 3072 1113 3134 XXlll

110 3156 175 3224 625
199 3178 241 3240 sq.
263 3159 385 3238 prolatis
411 3159 525 3220 ductus.
569 3162 601 3219 in
627 3159 718 3219 altero
741 3159 816 3220 libro
839 3179 883 3221 vv.
905 3156 972 3222 454
994 3168 1025 3222 et
1047 3158 1113 3223 455

109 3249 206 3309 locum
238 3255 350 3309 mutare
379 3250 465 3328 iussi,
492 3249 564 3307 item
586 3243 765 3310 464-477
794 3251 872 3308 inter
897 3245 964 3310 454
990 3256 1020 3309 et
1046 3246 1112 3312 456

110 3332 546 3417 001100001,655-659,·680
568 3343 635 3414 post
658 3332 731 3417 651,
750 3333 924 3398 817-825
947 3345 1014 3397 ante
1039 3335 1115 3418 795,

110 3423 173 3486 923
196 3431 262 3485 ante
282 3420 355 3504 915,
375 3421 460 3485 1139
480 3442 522 3501 sq.
541 3431 608 3501 post
628 3421 723 3505 1143,
746 3443 789 3484 vv.
812 3425 938 3503 denique
963 3422 1049 3488 1168
1069 3443 1112 3505 sq.

91 3521 171 3584 post
186 3510 284 3592 1172,
306 3530 431 3590 qrrarum
456 3513 587 3572 omnium
609 3515 871 3591 transpositiouum
895 3531 991 3592 neque
1013 3516 1112 3575 minus
