2430 3878
157 186 220 251 182
640 186 680 242 VI

156 351 207 401 385
226 341 347 414 pectore
370 335 497 414 perfixo,
520 335 665 396 documen
688 334 861 396 mortalibus
884 354 966 416 acre,

227 429 258 483 et
279 425 379 502 potius
401 421 483 483 nulla
506 422 564 484 sibi
585 426 668 502 turpi
690 426 828 484 conscius
850 425 882 484 10
905 443 938 484 re

226 510 352 571 volvitur
374 513 406 570 in
429 510 555 571 flammis
576 513 715 572 innoxius
737 513 829 591 inque
850 512 970 592 peditur

155 605 212 658 396
227 598 346 659 turbine
369 598 490 660 caelesti
512 597 610 659 subito
634 606 788 678 correptus
812 607 842 660 et
863 597 947 679 igni?
1129 624 1166 665 sos

228 706 281 748 cur
305 689 393 747 etiam
416 687 479 748 loca
502 687 564 747 sola
586 693 691 767 petunt
713 687 882 767 frustraque
904 685 1063 749 laborant?

156 792 209 843 300
228 794 265 837 00
286 783 350 836 tum
373 775 511 836 bracchia
534 783 733 837 consuescunt
754 777 931 856 firmantque
954 774 1107 839 lacertos?

227 866 259 924 in
281 870 418 943 terraque
442 865 535 944 patris
558 883 612 925 cur
634 863 727 925 telum
748 867 956 943 perpetiuntur

228 949 374 1033 optundi?
410 970 464 1013 cur
486 954 550 1031 ipse
574 954 657 1033 sinit,
680 971 776 1030 neque
799 955 895 1032 parcit
916 955 948 1014 in
970 951 1091 1014 hostis?

156 1043 258 1100 40410
280 1059 362 1101 mare
385 1058 443 1119 qua
465 1059 554 1119 porro
577 1043 668 1101 mittit
690 1038 826 1101 ratione?
863 1040 933 1120 quid
956 1042 1051 1102 undas
1126 1066 1163 1106 eol

147 1135 211 1200 ,405
228 1130 325 1207 arguit
347 1136 377 1189 et
398 1129 541 1207 liquidam
563 1128 671 1188 molem
694 1147 872 1208 camposque
895 1125 1047 1190 natantis?
1125 1153 1163 1194 coo

157 1233 208 1283 090
228 1216 356 1295 denique
380 1235 434 1277 cur
455 1235 616 1297 numquam
639 1215 719 1277 caelo
742 1218 813 1278 iacit
834 1217 965 1297 undique
987 1236 1063 1296 puro
1124 1241 1161 1282 coo

156 1304 359 1385 4011uppiter
381 1307 413 1364 in
435 1312 531 1366 terras
553 1305 664 1366 fulmen
687 1307 861 1384 sonitusque
883 1303 1058 1384 profundit?

228 1412 265 1455 an
288 1392 377 1454 simul
399 1412 433 1454 ac
455 1392 549 1454 nubes
573 1411 757 1473 successere,
779 1396 844 1472 ipse
867 1395 898 1454 10
921 1400 1058 1455 eastum

228 1481 393 1562 descendit,
416 1499 509 1560 prope
531 1489 566 1541 ut
586 1481 656 1541 hinc
678 1480 731 1542 teli
753 1481 932 1542 determinet
953 1478 1053 1543 ictus?
1124 1505 1159 1545 cos

157 1576 213 1627 406
228 1577 382 1649 praeterea
405 1571 432 1629 si
453 1568 516 1629 vult
536 1587 690 1630 caveamus
714 1569 845 1630 fulminis
863 1572 953 1630 ictum
959 1617 968 1650 ,
1123 1593 1159 1632 00

158 1673 209 1723 400
229 1676 282 1719 cur
305 1656 420 1717 dubitat
441 1656 538 1717 facere
560 1663 594 1717 ut
614 1660 765 1736 possimus
787 1676 910 1718 cernere
932 1655 1080 1720 missum?

229 1747 255 1806 si
276 1746 481 1823 necopinantis
505 1750 602 1805 autem
625 1745 685 1805 volt
707 1747 874 1824 opprimere
897 1747 972 1826 igni,

230 1852 282 1894 cur
305 1839 387 1893 tonat
409 1851 446 1893 ex
468 1832 518 1893 illa
539 1840 636 1914 parte,
658 1840 692 1894 ut
713 1836 807 1894 vitare
829 1852 984 1916 queamus,

157 1929 212 1980 410
229 1940 282 1982 cur
304 1919 442 1982 tenebras
466 1928 533 1981 ante
556 1928 586 1981 et
608 1921 744 1982 fremitus
767 1929 797 1982 et
818 1940 971 1983 murmura
991 1919 1158 1984 0000111000

120 2032 127 2043 ⁴
229 2016 258 2070 et
281 2008 369 2070 simul
391 2012 423 2069 in
445 2009 552 2070 multas
574 2012 668 2089 partis
691 2012 743 2089 qui
765 2009 887 2070 credere
909 2012 1008 2089 possis

157 2094 368 2164 conmittere?
404 2116 442 2158 an
468 2097 525 2158 hoc
552 2100 632 2158 ausis
654 2115 815 2177 numquam
838 2099 1017 2160 contendere
1040 2099 1158 2178 factum,

227 2193 262 2248 ut
284 2187 390 2247 fierent
412 2189 489 2247 ictus
511 2203 571 2246 uno
595 2184 650 2246 sub
673 2194 806 2264 tempore
827 2182 952 2265 plures?

229 2282 258 2335 at
281 2281 398 2354 saepest
420 2293 544 2335 numero
567 2274 675 2334 factum
699 2275 823 2353 fierique
846 2281 1012 2356 necessest,

150 2370 212 2421 415
226 2370 261 2424 ut
282 2362 384 2442 pluere
407 2364 438 2423 10
461 2360 563 2423 multis
585 2361 755 2441 regionibus
780 2369 810 2422 et
832 2362 937 2423 cadere
959 2362 1079 2444 imbris,
1122 2384 1159 2426 us

228 2450 352 2512 fulmina
375 2452 419 2511 sic
441 2469 500 2510 nno
524 2451 589 2511 fieri
612 2449 666 2510 sub
689 2457 823 2528 tempore
845 2449 945 2510 multa.

157 2556 210 2604 410
227 2546 378 2618 postremo
401 2557 455 2598 cur
478 2545 578 2599 sancta
601 2538 689 2599 deum
712 2537 834 2598 delubra
858 2557 984 2618 suasque

230 2626 351 2687 discutit
373 2625 481 2686 infesto
503 2625 669 2705 praeclaras
692 2625 814 2687 fulmine
837 2625 923 2687 sedes

229 2722 259 2775 et
280 2714 356 2775 hene
378 2713 454 2774 facta
477 2714 565 2775 deum
587 2714 696 2793 frangit
719 2713 875 2775 simulacra
897 2715 1019 2792 suisque

157 2809 216 2861 420
227 2804 320 2863 demit
341 2801 519 2881 imaginibus
541 2802 669 2864 violento
693 2801 812 2863 volnere
833 2798 999 2863 honorem?
1122 2825 1159 2864 uo

229 2891 344 2969 altaque
368 2908 422 2952 cur
443 2889 617 2971 plerumque
639 2893 714 2970 petit
736 2890 814 2972 loca,
835 2890 1022 2970 plurimaque
1045 2893 1109 2953 eius

157 2995 210 3044 410
228 2979 378 3039 montibus
401 2981 433 3039 in
456 2982 579 3040 summis
601 2981 725 3058 vestigia
747 2980 897 3040 cernimus
920 2974 1020 3057 ignis?

272 3067 355 3138 Quod
379 3074 528 3149 superest,
550 3067 664 3128 facilest
686 3086 722 3128 ex
745 3067 792 3127 his
816 3084 995 3146 cognoscere
1018 3065 1122 3147 rebus,

227 3164 377 3234 presteras
400 3155 470 3216 Grai
493 3173 567 3235 quos
590 3154 625 3216 ab
648 3173 682 3215 re
703 3157 931 3235 nominitarunt,

156 3252 211 3303 425
227 3247 259 3304 in
281 3263 362 3305 mare
386 3262 444 3323 qua
466 3245 551 3304 missi
573 3245 692 3303 veniant
714 3245 828 3304 ratione
851 3261 988 3322 superne.
1121 3262 1159 3304 os

226 3351 294 3393 nam
317 3333 351 3392 lit
371 3339 406 3392 ut
427 3332 578 3393 interdum
599 3337 748 3410 tamquam
771 3331 900 3393 demissa
922 3330 1058 3392 columna

155 3423 259 3487 40010
281 3438 362 3481 mare
385 3419 422 3480 de
445 3419 525 3481 caelo
549 3420 720 3501 descendat,
744 3438 831 3499 quam
854 3419 930 3481 freta
953 3422 1065 3481 circum

217 3511 393 3574 fervescunt
417 3511 547 3592 graviter
570 3508 753 3591 spiranfiltus
771 3510 866 3568 incita
884 3506 1000 3588 flabris,
1170 3505 1173 3512 ’
