2430 3878
169 187 233 242 XVI
532 186 815 242 PROLEGOMENA.

168 337 200 395 in
223 351 258 394 eo
282 335 415 393 invenire
439 334 517 412 quod
540 334 595 393 tibi
617 336 715 393 minus
736 333 851 412 placere
870 334 952 394 dicas
970 336 1068 412 itaque
1086 333 1173 395 levis-

169 424 244 483 simo
266 423 398 501 crimine,
421 423 511 481 immo
530 439 740 500 nonnunquam
759 441 881 500 prorsus
899 440 982 503 rano,
1005 423 1174 482 damnatum

169 510 205 571 ad
233 512 332 570 nescio
361 528 448 587 quem
476 509 715 588 interpolatorem
742 511 863 570 referre.
909 511 944 570 ad
972 511 1050 589 quod
1075 519 1174 571 tamen

168 598 333 659 remedium
355 616 505 676 nunquam
528 616 588 657 non
610 601 641 657 in
664 605 802 677 promptu
821 617 852 659 se
872 599 999 658 offerens
1018 606 1174 677 antequam

169 687 368 766 confugiatur,
394 686 471 745 haud
500 689 561 746 scio
589 704 625 745 an
648 686 806 747 videndum
830 689 881 766 sit,
909 693 1028 746 certane
1050 689 1174 764 vestigia

169 776 314 834 sermonis
346 793 362 833 a
389 773 508 834 Lucreti
540 776 659 852 ingenio
692 782 721 834 et
752 782 814 834 arte
843 774 930 834 alieni
957 782 1115 853 appareant
1141 777 1173 834 in

168 862 276 943 verbis,
298 862 344 922 vel
366 861 472 922 habeat
494 865 639 922 sententia
663 863 741 940 quod
765 863 837 922 lerri
860 862 939 922 nullo
962 863 1049 922 modo
1069 863 1173 941 possit.

170 954 242 1029 quin
264 952 352 1011 etiam
374 953 400 1011 si
418 968 505 1029 quam
525 952 695 1011 cautissime
713 968 799 1028 agera
818 950 907 1031 voleS,
929 951 1088 1011 videndum
1107 953 1173 1031 erit,

169 1042 304 1118 possisne
341 1056 458 1099 causam
494 1042 673 1119 excogitare,
710 1058 766 1117 qua
803 1039 909 1098 ductus
943 1039 1036 1099 lector
1066 1038 1172 1117 aliquis

169 1145 238 1187 eum
266 1145 352 1206 quem
380 1129 411 1186 in
439 1129 639 1205 suspicionem
665 1145 751 1187 rocas
778 1145 896 1187 versum
923 1128 1050 1187 finxerit.
1098 1145 1172 1205 quae

170 1218 266 1275 cautio
299 1233 366 1275 cum
398 1233 464 1274 raro
496 1218 528 1275 in
557 1233 695 1275 versuum
730 1215 964 1275 damnationibus
992 1213 1173 1295 adhibeatur,

104 1343 110 1355 ·
169 1303 325 1381 plerosque
371 1303 516 1363 eiusmodi
553 1309 675 1363 conatus
711 1321 770 1362 non
816 1303 1058 1363 commemorabo.
1117 1304 1174 1363 luit

171 1391 289 1469 quidem
323 1393 374 1469 qui
406 1391 518 1451 diceret
550 1409 717 1451 sermonem
743 1389 951 1451 Lucretianum
978 1409 1037 1452 non
1064 1390 1174 1452 habere

170 1485 249 1538 carta
277 1481 360 1557 signa
388 1479 496 1557 quibus
523 1479 758 1556 dignosceretur:
789 1482 838 1539 cui
864 1482 904 1539 ita
932 1497 991 1539 non
1019 1481 1173 1560 assentior,

170 1574 203 1627 ut
225 1567 400 1626 contendam
422 1566 532 1626 nullius
555 1574 658 1645 poetae
682 1567 765 1626 latini
785 1586 887 1628 versus
907 1567 1022 1627 facilius
1040 1567 1173 1645 dignosci

169 1673 257 1734 posse
290 1673 376 1733 quam
408 1653 540 1735 Lucreti,
576 1655 733 1715 dummodo
766 1658 832 1733 quis
863 1658 928 1716 eius
960 1657 1111 1734 ingenium
1143 1664 1173 1715 et

170 1750 264 1803 artem
287 1745 404 1821 penitus
427 1745 603 1821 cognoverit.

257 1830 427 1891 Proximum
459 1838 506 1890 est
535 1838 569 1891 ut
600 1831 636 1890 de
668 1831 803 1891 versibus
835 1834 866 1891 in
892 1830 1013 1891 Lucreti
1043 1832 1173 1890 carmine

171 1921 304 1998 repetitis
332 1919 434 1979 dicam.
480 1921 576 1978 extitit
603 1921 695 1999 enim,
724 1922 788 1999 qui,
815 1937 882 1979 cum
904 1918 1046 1997 plurimos
1068 1936 1173 1978 versus

171 2007 348 2087 singulares,
370 2006 512 2086 plurimas
535 2010 709 2088 sententiae,
731 2025 791 2067 non
813 2025 922 2085 paucos
944 2007 1072 2084 denique
1094 2012 1173 2066 totos

171 2095 250 2155 locos
273 2097 305 2155 in
326 2095 446 2155 Lucreti
468 2094 552 2154 libris
575 2098 716 2174 repetitos
736 2102 835 2155 extare
852 2095 974 2177 rideret,
995 2095 1174 2156 contendere

171 2183 293 2244 auderet
324 2190 440 2262 poetam
472 2184 533 2243 lere
565 2183 601 2243 ab
637 2183 780 2244 iterandis
815 2182 950 2244 versibus
986 2182 1172 2244 abstinuisse.

171 2290 259 2350 quem
286 2274 423 2331 iuvenem
449 2279 479 2331 et
505 2273 709 2332 acutissimum
737 2279 767 2331 et
793 2271 1008 2352 doctissimum,
1037 2270 1173 2331 Carolum

171 2358 354 2440 Gneissium,
391 2361 442 2437 qui
476 2359 713 2420 dissertationem
745 2359 781 2419 de
813 2359 948 2420 versibus
979 2361 1011 2419 in
1042 2357 1173 2418 Lucretii

172 2450 301 2508 carmine
337 2448 472 2525 repetitis
505 2449 645 2526 scriptam
675 2447 768 2507 edidit
802 2447 988 2525 Argentorati
1019 2464 1043 2506 a.
1077 2442 1173 2526 1878,

171 2537 285 2612 magnis
308 2534 452 2594 excidisse
476 2537 555 2594 ausis
579 2535 775 2596 demonstravi
797 2537 829 2595 in
852 2553 918 2594 ann
941 2530 1173 2614 Lucret1879,

171 2642 199 2702 p.
228 2619 290 2684 201
325 2640 387 2700 sqq.
443 2629 542 2682 extant
573 2626 652 2683 enim
686 2625 717 2684 in
749 2625 878 2683 carmine
909 2623 941 2682 hi
972 2628 1085 2682 tantum
1116 2621 1175 2682 loci

171 2713 297 2771 maiores
315 2728 375 2769 non
393 2728 409 2768 a
428 2717 514 2788 poeta
532 2713 597 2788 ipso
616 2713 727 2772 iterati:
745 2711 758 2771 Ι
775 2706 916 2792 44-449,
936 2710 973 2770 lV
990 2707 1173 2789 ait-229,

170 2798 194 2856 V
214 2794 396 2878 128-137,
419 2797 455 2856 Vl
478 2795 661 2879 383-385,
686 2801 722 2860 de
746 2818 872 2878 quorum
893 2817 1071 2878 unoquoque
1093 2797 1174 2876 leges

172 2905 225 2946 suo
243 2886 316 2946 loco.
353 2893 387 2945 ut
408 2885 440 2945 hi
463 2885 529 2966 loci,
552 2889 595 2947 sic
618 2889 706 2948 etiam
730 2890 781 2965 qui
799 2887 907 2966 singuli
925 2887 971 2948 rel
989 2887 1053 2947 bini
1070 2904 1174 2945 versus

171 2974 206 3034 ab
225 2973 436 3053 interpolatore
455 2974 552 3053 aliquo
571 2977 690 3054 repetiti
708 2982 786 3056 sunt,
803 2977 835 3035 in
848 2976 989 3035 inferiore
1002 2977 1175 3054 paginarum

170 3064 303 3141 margine
326 3062 544 3123 indicabuntur.
1157 3121 1164 3132 ,

258 3150 312 3210 Hic
340 3157 407 3210 ante
430 3153 540 3231 omnia,
568 3153 594 3211 si
622 3151 692 3230 quid
715 3151 810 3231 video,
831 3150 904 3211 illud
927 3150 1099 3229 fugiendum
1122 3157 1175 3230 est,

170 3256 221 3318 ue,
255 3240 280 3298 si
315 3240 366 3316 qui
393 3238 475 3298 locus
503 3239 558 3319 ibi,
590 3238 641 3299 ubi
667 3240 805 3319 iteratur,
836 3256 896 3298 non
924 3238 1059 3299 omnibus
1086 3236 1175 3297 rebus

170 3329 340 3405 aptissimus
368 3326 514 3407 videatur,
542 3329 606 3388 sine
633 3326 692 3387 ulla
720 3326 902 3387 dubitatione
925 3343 1065 3405 negemus
1088 3342 1175 3404 posse

170 3414 206 3474 ab
230 3417 294 3493 ipso
318 3421 404 3494 poeta
430 3417 588 3493 repetitum
611 3433 684 3476 esse.
730 3417 762 3474 in
785 3415 831 3475 his
854 3417 933 3474 enim
955 3414 1045 3474 rebus
1069 3419 1176 3491 quauta

159 3505 301 3560 cautione
329 3521 405 3580 opus
434 3510 527 3585 esset,
556 3510 623 3565 ante
646 3503 700 3563 hos
723 3503 907 3581 undeviginti
929 3520 1035 3584 annos,
1061 3503 1080 3562 'a
1104 3519 1129 3561 e.
1152 3519 1177 3560 a.
