2430 3878
97 185 139 250 28
590 184 603 238 Ι

185 334 236 393 1191
257 334 303 394 911
324 349 469 410 nusquam
491 332 586 410 possit
608 333 770 392 consistere
793 331 874 412 linis,

185 420 383 498 effugiumque
405 420 490 497 fugae
512 418 639 497 prolatet
661 421 745 498 copia
768 437 892 498 semper.

185 515 337 588 praetcrea
360 510 486 586 spatium
510 509 634 567 summai
656 509 746 567 totius
771 524 856 568 omne

115 602 171 654 985
186 595 317 674 undique
340 597 367 656 si
389 595 535 655 inclusum
558 597 648 655 certis
671 597 847 655 consisteret
869 597 930 669 pris
1063 607 1108 649 995

116 690 168 741 990
185 685 359 762 finitumque
382 683 472 763 foret,
494 685 551 742 iam
574 685 659 762 copia
680 684 815 742 materiai

185 771 315 850 undique
338 769 518 850 ponderibus
541 770 643 830 solidis
666 770 814 831 confluxet
836 770 872 830 ad
894 771 1000 851 imum,

185 877 241 920 999
263 877 312 920 999
333 858 392 920 9119
415 860 479 937 gari
501 857 556 918 sub
579 858 653 918 caeli
676 860 805 936 tegmine
827 866 941 938 posset,

186 965 241 1008 999
265 948 341 1007 loret
363 949 482 1006 omnino
505 946 618 1007 caelum
640 964 736 1025 neque
759 945 869 1006 lumina
892 945 976 1027 solis;

115 1041 172 1093 000
185 1038 293 1114 quippe
318 1033 369 1094 uhi
391 1036 530 1095 materies
554 1036 649 1094 omnis
672 1033 817 1094 cumulata
840 1036 950 1094 iaceret
1064 1047 1109 1088 999

117 1131 169 1181 985
188 1141 224 1183 ex
245 1123 361 1182 infinito
384 1125 442 1183 iam
464 1129 596 1201 tempore
621 1121 807 1182 subsidendo.

188 1218 217 1273 at
239 1229 330 1291 nunc,
352 1213 506 1292 nimirum,
528 1213 648 1289 requies
671 1209 737 1270 data
762 1210 975 1288 principiorum

187 1299 360 1378 corporibus
383 1298 503 1378 nullast,
527 1300 595 1376 quia
617 1297 659 1356 nil
682 1304 727 1357 est
749 1297 881 1357 funditus
903 1299 1009 1377 119999,

188 1405 245 1465 quo
269 1389 353 1465 quasi
376 1386 524 1446 confluere
547 1392 578 1445 et
600 1385 686 1445 sedes
708 1383 760 1445 ubi
781 1402 891 1464 ponere
914 1387 1038 1463 possint.

117 1481 172 1533 905
186 1491 303 1552 semper
325 1476 356 1533 in
379 1473 500 1533 adsiduo
523 1479 605 1532 motu
627 1491 675 1533 res
699 1490 831 1551 quaeque
854 1479 997 1551 gomrntur
1063 1487 1108 1528 oss

118 1569 170 1619 990
187 1560 320 1640 partibus
343 1563 375 1621 in
397 1563 524 1640 cunctis,
546 1560 719 1638 infernaque
743 1561 967 1640 suppeditantur

188 1667 224 1709 ex
246 1649 361 1709 infinito
384 1651 442 1709 cita
464 1666 586 1724 corpora
608 1649 749 1708 materiai.

234 1735 386 1796 Postremo
409 1741 476 1794 ante
499 1736 598 1796 oculos
622 1755 671 1798 res
694 1756 757 1798 rem
781 1739 866 1799 smiro
887 1737 1016 1798 videtur:

188 1828 238 1885 999
261 1823 402 1901 dissaepit
424 1820 506 1881 collis
530 1827 616 1898 atque
639 1826 706 1880 9999
729 1828 858 1902 montes,

100 1918 174 1970 1000
187 1919 266 1972 terra
283 1929 364 1971 mare
384 1916 413 1971 et
431 1916 532 1968 contra
549 1926 630 1968 mare
649 1916 744 1969 terras
763 1911 902 1969 terminat
920 1912 1030 1971 omnis:
1049 1925 1107 1966 1ooo

118 2008 169 2057 995
189 2017 274 2059 09199
298 1997 415 2077 quidem
437 2013 507 2056 vero
530 1995 572 2055 nil
595 2004 641 2055 est
664 1996 741 2073 quod
764 1997 846 2056 finiat
868 2003 958 2057 extra.

232 2087 241 2166 ll
258 2087 312 2148 Est
333 2090 423 2166 igitur
445 2095 550 2149 natura
572 2086 629 2147 loci
652 2090 838 2166 spatiumque
860 2087 1011 2168 prodmdi,

188 2175 266 2254 quod
288 2192 384 2253 neque
408 2174 485 2235 clara
507 2192 561 2234 suo
584 2191 759 2251 percurrere
781 2173 904 2234 fulmina
927 2192 1017 2235 cursu

187 2270 330 2342 perpetuo
353 2265 468 2341 possint
491 2264 554 2323 aevi
576 2260 703 2321 labentia
725 2268 821 2321 tractu

103 2357 242 2411 1005999
262 2369 400 2429 prorsum
423 2351 519 2410 lacere
542 2357 575 2410 ut
597 2356 690 2410 restet
711 2351 809 2409 minus
828 2350 872 2410 ire
890 2348 1029 2410 meando:
1049 2363 1103 2404 1005

102 2446 169 2497 1000
187 2455 281 2517 usque
305 2438 376 2498 adeo
398 2439 509 2516 passim
530 2444 611 2516 patet
632 2439 736 2515 ingens
760 2439 843 2516 eopia
866 2435 969 2518 rebus,

187 2525 296 2585 finibus
319 2528 475 2606 exemptis,
498 2527 530 2585 in
553 2532 672 2585 cunctas
695 2523 825 2603 undique
848 2527 949 2604 partis.
967 2530 979 2614 fl

187 2616 251 2692 ipsa
273 2612 394 2672 modum
415 2630 504 2691 porro
528 2611 585 2672 sibi
608 2630 708 2672 rerum
732 2630 845 2672 summa
867 2630 971 2690 parare

187 2718 225 2760 ne
247 2702 355 2780 possit,
377 2707 480 2760 natura
502 2706 597 2781 tenet,
620 2718 694 2778 quae
718 2717 826 2780 corpus
848 2702 929 2760 inani

99 2796 171 2846 1010
186 2796 216 2849 91
239 2786 316 2867 quod
339 2790 426 2848 inane
449 2794 576 2848 autemst
598 2789 678 2847 finiri
700 2805 823 2866 corpore
847 2790 937 2869 cogit,
1050 2801 1105 2842 uuo

102 2883 168 2933 1005
186 2884 220 2937 91
242 2879 285 2936 919
308 2875 429 2936 91199919
452 2875 566 2936 infinita
589 2877 687 2936 omnia
709 2875 825 2956 reddat,

186 2972 236 3026 aut
262 2966 351 3025 etiam
378 2964 565 3045 alterutrum,
592 2965 651 3024 uisi
676 2965 816 3023 terminet
838 2962 962 3024 alterum
985 2981 1104 3044 eorum,

186 3052 319 3132 simplice
342 3059 446 3113 natura
468 3058 567 3132 pateat
587 3058 686 3112 tamen
709 3051 924 3112 inmoderatum

590 3159 608 3197 9

185 3245 240 3288 999
261 3245 343 3288 mare
366 3246 421 3288 nec
443 3226 530 3289 tellus
553 3244 650 3305 neque
674 3226 748 3286 caeli
771 3224 867 3287 lucida
890 3226 999 3306 templa

97 3324 238 3376 1015999
260 3315 382 3375 mortale
406 3333 499 3393 genus
521 3332 577 3375 999
600 3315 699 3375 divum
723 3331 845 3392 corpora
869 3321 969 3374 sancta
1048 3328 1103 3369 1999

98 3411 165 3461 1010
185 3405 324 3482 exiguum
345 3410 467 3481 possent
489 3403 572 3462 horai
595 3405 701 3463 sistere
724 3409 853 3480 tempus:

178 3510 249 3552 nam
273 3490 404 3572 dispulsa
427 3509 481 3552 suo
505 3490 541 3552 de
564 3497 651 3552 coetu
673 3492 807 3551 materiai
