2430 3878
98 192 213 249 XXXIV
459 190 740 249 Pnonuaouuml.

99 349 148 401 aut
170 341 376 420 Bernaysianis
399 342 546 418 signatum
569 343 740 421 invenisset,
763 341 811 401 bic
835 348 999 421 quaereret,
1022 340 1104 407 nullo

99 432 216 506 negotio
253 431 387 507 reperire
422 435 530 507 posset.
585 447 653 489 cum
689 431 779 507 igitur
810 428 1014 489 Lachmannus
1052 448 1104 489 eos

98 535 252 599 numeros,
286 535 411 595 quorum
443 516 545 576 ordine
577 519 609 576 iu
636 516 830 577 Leidensibus
863 536 966 578 versus
994 524 1104 599 extant,

100 608 187 666 etiam
214 608 246 666 in
272 623 411 666 versuum
434 605 714 683 transpositionibus
743 614 958 686 conservasset,
986 624 1020 665 eo
1044 624 1104 684 quo

99 697 130 754 in
159 712 211 754 suo
240 693 399 772 exemplari
425 711 528 753 versus
557 711 588 752 se
617 696 787 771 exciperent
814 694 916 754 ordine
944 713 1003 754 non
1026 693 1104 754 indi-

100 789 173 863 cato,
196 788 226 842 et
245 781 422 859 Bernaysius
445 781 608 841 naturalem
627 800 764 841 versuum
783 783 916 842 ordinem
934 783 1104 863 indicasset,

99 889 202 930 versus
227 871 378 930 damnatos
401 876 515 929 tantum
538 888 597 929 non
616 888 733 947 semper
752 872 782 930 in
801 877 883 931 textu
902 870 1039 930 cancellis
1058 873 1104 931 in-

100 958 230 1039 cludens,
255 976 308 1036 ego
333 976 384 1017 eos
406 965 519 1018 tantum
542 976 645 1017 versus
668 961 828 1038 numeravi,
852 961 903 1037 qui
925 966 959 1018 ut
981 958 1104 1038 abipso

98 1055 185 1127 poeta
205 1049 308 1124 scripti
330 1048 361 1106 in
380 1045 436 1105 hoc
454 1053 537 1106 textu
555 1045 701 1127 leguntur,
724 1049 783 1106 nisi
802 1047 880 1125 quod
898 1065 952 1125 per
970 1064 1104 1107 errorem

39 1134 42 1143 '
100 1155 124 1194 v.
138 1133 226 1197 1768
236 1133 297 1194 Lm.
308 1136 468 1195 numeravi.
489 1152 591 1194 eorum
603 1153 675 1213 quos
685 1142 718 1195 ut
728 1136 869 1194 insititios
880 1136 966 1194 omisi
975 1134 1105 1195 indicavi

99 1241 248 1303 numeros,
271 1221 521 1282 lachmannianos
544 1221 688 1303 videlicet,
711 1225 743 1282 in
765 1223 865 1282 intima
882 1225 1000 1301 pagina:
1024 1223 1104 1302 quod

100 1330 166 1371 eam
188 1310 225 1370 ob
249 1329 366 1371 causam
389 1311 455 1390 leci,
477 1328 514 1370 ue
538 1313 676 1370 carminis
700 1313 922 1371 continuitatem
944 1312 1104 1372 interrum-

99 1407 203 1477 pentes
218 1397 382 1458 molestiam
396 1398 542 1458 afferrent.
574 1399 735 1476 significavi
749 1407 846 1459 autem
861 1407 1014 1459 currentes
1029 1419 1104 1478 quos

100 1487 202 1547 dicunt
224 1485 312 1546 huius
331 1486 469 1546 editionis
487 1504 625 1547 versuum
644 1504 783 1547 numeros
802 1486 946 1547 stantibus
964 1506 1103 1549 numero-

101 1593 166 1635 rum
200 1577 292 1652 siguis
319 1576 350 1634 in
379 1576 498 1634 sinistro
526 1576 657 1651 margine
687 1577 819 1654 appictis.
870 1578 921 1653 qui
949 1583 1104 1637 currentes

100 1665 217 1724 numeri
234 1662 285 1722 ubi
303 1662 398 1722 eidem
412 1669 482 1722 suut
496 1664 547 1740 qui
560 1661 752 1741 Rernaysiani
765 1669 850 1742 atque
865 1661 1104 1746 Lachmauuiani,

101 1751 156 1811 soli
174 1752 320 1830 leguntur.
352 1749 403 1810 ubi
421 1767 490 1810 vero
510 1756 560 1810 aut
577 1749 613 1810 ab
633 1750 732 1811 alteris
751 1753 826 1811 utris
845 1759 895 1811 aut
913 1751 949 1812 ab
967 1755 1102 1831 utrisque

100 1840 252 1918 differunt,
276 1840 393 1916 utrique
417 1837 557 1915 adscripti
580 1845 656 1918 sunt,
680 1845 710 1898 et
732 1837 961 1899 bachmauuiani
984 1840 1103 1919 quidem

100 1930 216 1988 numeri
239 1929 270 1986 in
293 1926 395 1986 dextro
419 1928 564 2006 margine,
591 1925 782 2004 Reruaysiani
804 1930 834 1987 in
859 1930 993 2008 sinistro,
1020 1937 1049 1988 et
1072 1929 1103 1988 hi

101 2016 220 2095 quidem
255 2032 448 2074 numerorum
484 2016 575 2092 signis
616 2014 734 2093 paulum
771 2015 928 2076 inclinatis.
986 2015 1103 2077 lineolis

101 2105 268 2183 geminatis,
293 2121 419 2181 quorum
442 2103 591 2181 exemplar
612 2103 668 2162 hoc
691 2110 749 2163 est:
776 2097 786 2185 Η
806 2096 830 2187 ll,
854 2122 905 2164 eos
928 2122 1031 2164 versus
1055 2123 1103 2165 me

99 2193 264 2271 inclusisse,
284 2193 335 2270 qui
354 2210 420 2251 cum
439 2190 475 2250 ab
494 2193 558 2269 ipso
577 2199 663 2269 poeta
682 2194 785 2269 scripti
800 2200 907 2272 essent,
926 2198 1024 2252 tamen
1043 2211 1103 2254 non

99 2281 242 2341 habereut
264 2278 316 2339 ubi
339 2286 404 2358 apte
429 2277 653 2358 collocarentur,
676 2282 724 2338 rix
748 2287 792 2339 est
816 2281 891 2358 quod
915 2299 1059 2341 moneam.

189 2368 328 2446 Sequitur
355 2367 445 2426 altera
472 2366 559 2425 huius
586 2367 776 2445 praelationis
802 2387 884 2448 pars,
912 2370 943 2427 in
970 2387 1028 2447 qua
1051 2387 1103 2429 eos

100 2456 193 2536 locos,
224 2455 331 2534 quibus
354 2473 370 2514 a
392 2453 577 2514 Lachmauuo
601 2461 650 2514 aut
673 2473 688 2514 a
711 2454 869 2534 Bernaysio
893 2457 1049 2538 dissentio,
1076 2460 1104 2517 si

99 2563 159 2604 non
187 2561 302 2623 omncs,
330 2559 396 2601 nam
419 2541 566 2602 levissima
590 2561 722 2621 quaeque
745 2562 804 2603 non
828 2561 911 2624 curo,
938 2552 967 2604 at
989 2545 1103 2624 pleros-

100 2652 157 2712 que
193 2649 252 2691 uuo
287 2633 318 2690 in
350 2637 511 2707 conspectu
541 2648 660 2710 ponam,
697 2631 831 2712 adiectis,
869 2631 964 2692 sicubi
996 2651 1102 2711 operae

98 2723 227 2800 pretium
256 2736 320 2778 esse
348 2719 443 2777 visum
472 2719 540 2798 erit,
568 2721 657 2778 etiam
683 2721 739 2799 eis,
766 2738 840 2798 quae
863 2719 967 2780 Munro
991 2720 1103 2781 Boclre-

99 2808 241 2869 mullerus
275 2806 324 2866 alii
355 2808 387 2865 in
419 2823 534 2884 quoque
565 2806 628 2867 loco
656 2806 703 2866 vel
730 2809 913 2886 scripserunt
939 2807 986 2868 vel
1013 2808 1104 2870 scribi
1133 2886 1136 2891 Ι

98 2899 257 2957 iusserunt.

187 2983 230 3044 lta
257 3000 326 3044 vero
355 3001 420 3042 rem·
441 2983 564 3042 institui.
610 2985 705 3060 primo
729 2983 793 3044 loco
817 2983 923 3062 legitur
946 2985 1023 3063 quod
1048 3003 1103 3063 ego

100 3075 220 3152 scripsi,
257 3072 428 3132 auctoritate
466 3069 512 3130 vel
547 3077 666 3130 auctore
699 3072 825 3152 adiect03
863 3075 914 3151 qui
946 3075 972 3132 si
1004 3073 1103 3133 nullus

99 3162 231 3222 adiectus
265 3167 322 3239 est,
354 3160 417 3237 ipse
450 3165 551 3218 auctor
581 3177 646 3218 sum
675 3161 735 3219 sive
762 3163 948 3220 coniecturae
977 3163 1038 3221 sive
1066 3162 1103 3221 ad

100 3249 234 3311 codicum
266 3247 353 3307 tidem
381 3247 501 3306 reditus.
553 3249 677 3306 cursivis
706 3266 777 3326 quas
806 3248 907 3309 dicunt
934 3247 1040 3309 litteris
1068 3268 1104 3309 ea

99 3339 160 3399 lere
185 3354 323 3416 expressa
347 3341 459 3414 extant,
483 3351 556 3411 quae
581 3353 646 3394 cum
671 3337 702 3394 in
725 3335 809 3396 libris
832 3355 920 3397 manu
944 3338 1103 3416 descriptis

98 3427 292 3505 excidissent,
323 3423 358 3483 ab
382 3421 544 3483 editoribus
568 3429 648 3482 recte
672 3426 807 3484 restituta
830 3443 896 3485 esse
919 3425 1102 3486 videbantur.

175 3513 197 3572 I
198 3507 221 3595 ss
243 3505 327 3596 -9jl
338 3529 404 3572 ann.
419 3509 536 3572 Lucret.
553 3506 638 3573 1889
653 3529 680 3590 p.
696 3509 768 3572 233.
795 3505 940 3596 pao-55
955 3507 1101 3597 (oo-61
