2430 3878
583 204 624 261 IV
1046 208 1109 272 119

101 369 156 420 8511
175 372 355 435 sermonem,
378 353 530 433 multoque
554 360 669 415 creatae
694 361 763 415 sunt
784 357 868 433 prius
891 374 977 416 aures

137 474 140 481 ·
175 461 263 522 quam
286 460 376 503 sonus
399 448 445 502 551
466 442 591 522 auditus,
614 450 644 502 51
663 445 760 503 551515
779 441 906 521 denique
925 444 1110 507 membrano

174 537 242 591 5515
265 531 347 591 111555
354 577 364 610 ,
386 536 420 589 ut
442 532 559 610 opinor,
582 549 685 591 eorum
708 549 795 610 quam
818 531 895 591 soret
917 551 1003 595 usus:

174 619 252 680 haud
275 621 367 697 igitur
388 624 511 697 potuere
534 619 637 679 utendi
660 637 795 679 crescere
818 637 914 680 551155.

102 722 160 774 840
175 714 205 767 51
227 713 329 767 contra
352 706 487 766 conferre
509 725 598 767 manu
621 709 790 767 certamina
803 724 919 786 pugnae

103 810 155 860 855
175 802 206 856 51
226 795 356 856 lacerare
380 802 461 855 artus
484 795 660 874 foedareque
683 795 816 855 membra
838 814 943 857 cruore

174 890 241 944 ante
263 884 320 944 fuit
341 882 435 943 multo
457 902 545 962 quam
567 882 663 944 lucida
685 883 743 944 tela
765 883 909 966 volarent,
1068 906 1108 947 555

174 979 205 1032 51
226 971 330 1032 151555
352 974 445 1032 111515
467 974 550 1050 prius
572 978 678 1032 natura
701 975 797 1051 coegit

175 1078 262 1138 quam
285 1061 370 1121 daret
392 1058 540 1120 obiectum
561 1062 675 1138 parmai
696 1058 777 1120 laeva
798 1079 852 1138 per
874 1067 1001 1121 artem

103 1164 158 1214 845
173 1148 301 1229 scilicet,
326 1155 356 1208 et
377 1148 489 1208 fessum
512 1166 619 1225 corpus
642 1148 780 1208 mandare
804 1151 898 1227 quieti

103 1235 266 1303 8555111115
289 1238 438 1315 antiquius
462 1244 508 1296 est
530 1254 617 1315 quam
640 1236 710 1296 lecti
732 1236 831 1296 mollia
855 1243 957 1316 strata,

174 1331 204 1384 et
227 1324 329 1385 sedare
353 1327 433 1385 sitim
456 1327 539 1403 prius
562 1332 607 1384 cst
630 1342 717 1404 quam
739 1324 843 1403 pocula
866 1332 974 1385 natum.
1067 1346 1107 1387 5511

172 1411 246 1473 haec
268 1415 359 1491 igitur
381 1419 506 1491 possunt
527 1411 630 1472 utendi
653 1415 769 1491 cognita
792 1431 879 1473 causa

175 1501 303 1581 medior,
326 1519 362 1560 ex
385 1519 442 1560 usu
466 1518 539 1578 quae
562 1509 632 1561 sunt
653 1503 771 1580 vitaque
794 1508 920 1580 reperta.

102 1605 160 1657 850
173 1587 224 1648 illa
247 1588 367 1667 quidem
390 1606 525 1648 seorsum
548 1596 617 1649 sunt
640 1591 750 1669 omnia,
773 1607 847 1667 quae
870 1586 954 1668 prius
977 1591 1041 1667 ipsa

101 1692 155 1744 835
174 1683 241 1737 5515
263 1675 372 1737 dedere
395 1695 465 1737 suae
488 1683 556 1755 post
578 1679 712 1737 notitiam
734 1677 878 1738 utilitatis

174 1783 232 1844 quo
260 1782 367 1843 genere
390 1767 422 1824 in
444 1767 549 1843 primis
573 1783 678 1826 sensus
702 1765 1106 1846 5151515115νί1155155;555

175 1871 265 1932 quare
288 1855 376 1912 etiam
400 1859 487 1930 atque
511 1855 599 1913 etiam
621 1853 725 1932 procul
748 1862 793 1914 est
814 1861 848 1914 ut
870 1854 991 1914 credere
1009 1855 1105 1932 possis

173 1941 309 2001 utilitatis
332 1941 369 2000 ob
393 1941 523 2001 officium
545 1943 677 2020 potuisse
701 1938 831 2022 55555111

217 2028 302 2089 Nunc
324 2031 376 2107 qui
397 2030 448 2089 1151
469 2031 515 2089 uti
536 2048 641 2108 passus
664 2030 797 2108 proferre
820 2048 975 2110 queamuS,
1067 2052 1105 2092 au

100 2133 241 2186 storum
263 2116 411 2197 volumus,
434 2120 572 2196 varieque
596 2118 695 2177 datum
718 2120 757 2178 sit
778 2116 909 2177 membra
931 2136 1062 2198 movere,

100 2213 301 2285 8755151155
324 2224 373 2266 res
395 2212 510 2266 tantum
532 2205 588 2265 hoc
612 2208 710 2266 oneris
733 2205 907 2285 protrudere
931 2208 1025 2265 nostri

175 2297 308 2373 corporis
330 2296 468 2374 insuerit,
492 2294 601 2354 dicam:
624 2301 657 2354 tu
679 2295 798 2372 percipe
822 2293 907 2354 dicta.
1067 2317 1106 2357 555

174 2383 239 2443 dico
262 2384 359 2442 animo
382 2389 484 2443 nostro
507 2381 816 2461 primumsimulacra
837 2383 955 2443 meandi

174 2470 307 2531 accidere
330 2476 417 2549 atque
441 2473 571 2531 animum
593 2470 723 2550 pulsare,
746 2477 780 2530 ut
802 2470 928 2531 diximus
952 2479 1027 2531 ante.

100 2557 397 2628 845151515155155
421 2560 465 2619 fit:
489 2577 585 2638 neque
608 2561 687 2619 enim
710 2559 806 2620 155515
829 2561 934 2638 incipit
956 2559 1045 2620 ullam

101 2662 237 2713 8815515
261 2649 430 2729 quisquam,
452 2664 547 2726 quum
568 2665 653 2708 15555
675 2647 803 2726 providit
826 2648 896 2727 quid
919 2647 988 2708 velit
1011 2654 1085 2708 ante.

172 2735 203 2794 id
227 2735 305 2814 quod
327 2734 474 2816 providet,
496 2735 575 2796 illius
599 2739 644 2796 rei
666 2743 780 2797 constat
801 2738 904 2815 imago.
1066 2757 1105 2800 555

172 2841 242 2901 ergo
266 2825 380 2884 animus
404 2842 470 2885 cum
494 2842 559 2885 sese
582 2826 622 2884 ita
645 2831 808 2884 commovet
830 2830 864 2884 ut
885 2823 955 2884 velit
976 2825 1021 2885 ire

172 2913 262 2991 inque
286 2911 383 2994 gredi,
405 2914 474 2972 ierit
496 2911 641 2992 extempio
665 2930 739 2991 quae
762 2915 794 2972 in
817 2930 939 2990 corpore
961 2918 1036 2993 toto,

99 3015 227 3078 815555
248 3000 381 3061 membra
404 3007 491 3079 atque
514 3007 609 3082 artus,
632 3003 739 3061 animai
762 2999 864 3060 dissita
886 3002 931 3060 vis
954 3008 1011 3061 est:

100 3103 158 3154 886
173 3095 203 3148 et
224 3088 339 3149 facilest
361 3089 452 3169 iactu,
477 3091 615 3167 quoniam
638 3091 794 3149 coniuncta
816 3095 941 3148 tenetur.

172 3175 241 3236 inde
265 3194 299 3237 ea
320 3195 464 3256 proporro
488 3195 595 3256 corpus
618 3177 699 3257 ierit,
723 3183 809 3256 atque
832 3179 873 3237 ita
894 3182 955 3237 tota
1066 3200 1106 3241 sco

171 3264 311 3343 paulatim
333 3265 426 3326 moles
448 3266 634 3344 protruditur
657 3273 744 3344 atque
767 3272 908 3326 movetur.

171 3359 325 3431 praeterea
347 3360 409 3414 tum
432 3355 556 3414 rarescit
578 3372 696 3434 quoque
719 3373 839 3435 corpus,
863 3357 978 3434 51555,

99 3456 152 3506 855
173 3441 299 3522 scilicet,
321 3448 354 3502 ut
376 3441 464 3502 debet
487 3445 537 3520 qui
561 3461 678 3522 semper
700 3443 817 3503 mobilis
840 3449 931 3523 extat,

98 3545 153 3596 891
164 3548 223 3608 per
239 3530 386 3609 patefacta
410 3533 491 3593 venit
512 3537 708 3614 penetratque
728 3531 880 3594 ioram’ma
893 3531 1021 3608 ungue,
