2430 3878
424 189 706 251 PROLEGOMENA.
994 193 1070 248 XXV

61 339 141 419 qnod
168 341 234 400 vitii
260 356 354 418 genus
381 341 472 401 multo
500 341 635 420 pluribus
663 341 735 402 locis
764 342 981 420 agnoscendum
1004 360 1070 402 esse

60 446 239 507 persuasum
261 428 368 509 habeo,
392 447 479 507 quam
503 432 659 508 quisquam
681 437 749 490 ante
771 449 819 490 me
841 433 961 509 putavit.
994 449 1070 511 nam,

60 524 95 577 ut
122 519 305 595 antiquiores
332 525 529 598 praeteream,
556 517 761 578 Lachmannus
788 537 847 578 non
869 518 936 598 plus
960 519 1070 579 duode-

61 607 119 665 cim
143 603 218 665 locis
241 604 362 665 lacunae
386 608 501 683 signum
524 609 632 686 posuit,
655 624 713 685 quo
736 609 768 666 in
790 625 914 667 numero
938 614 1003 667 octo
1027 607 1070 666 illi

61 711 166 754 versus
194 692 263 752 libri
285 693 299 753 l
322 701 404 774 sunt,
431 712 557 772 quorum
585 697 713 773 spatium
735 697 767 755 in
790 694 922 773 Oblongo
946 714 1070 756 vacuum

62 781 199 842 relictum
224 787 276 841 est.
315 782 391 860 apud
410 781 603 861 Bernaysium
627 785 724 844 sexies
743 783 842 844 decies
860 783 933 844 illud
953 787 1070 862 signum

61 872 207 949 occurrit,
235 870 312 948 apud
339 870 513 930 Munronem
541 871 735 931 undetricies:
767 874 799 931 in
826 872 882 932 hoc
909 890 978 932 vero
1007 891 1069 932 car.-

61 960 152 1018 minis
174 964 259 1018 textu
281 975 369 1035 quem
392 957 523 1018 lecturus
550 977 583 1019 es
611 977 669 1018 non
698 962 796 1020 minus
823 963 1006 1038 septuaginta
1029 959 1070 1019 la-

61 1064 155 1106 cunae
184 1046 360 1106 indicantur.
405 1064 443 1107 ne
472 1049 563 1124 igitur
591 1050 657 1125 quis
685 1056 768 1125 putet
795 1066 842 1108 me
870 1050 959 1108 nimis
984 1047 1069 1107 facilc

61 1134 97 1194 ad
120 1134 243 1195 lacunae
267 1136 467 1213 suspicionem
485 1134 684 1215 descendisse,
710 1155 797 1215 qnam
820 1135 993 1197 brevissime
1017 1155 1068 1214 po-

60 1230 126 1283 tero
156 1229 186 1282 et
212 1225 325 1282 ratione
354 1230 384 1283 et
406 1223 548 1301 exemplis
576 1222 701 1304 docebo,
725 1242 798 1302 quae
824 1243 889 1285 esse
913 1222 1017 1284 debeat
1040 1232 1070 1284 et

60 1328 164 1370 rerum
195 1321 224 1370 et
250 1311 408 1370 verborum
438 1312 585 1391 condicio,
617 1320 650 1372 ut
678 1319 757 1372 recte
786 1313 931 1373 excidisse
960 1312 1069 1391 aliquid

61 1399 209 1478 suspicari
236 1398 373 1458 malimus
400 1418 487 1477 quam
512 1398 677 1460 litterarum
698 1403 860 1461 mutatione
884 1400 981 1461 locum
1004 1419 1068 1460 cor-

60 1489 160 1565 rigere
189 1490 297 1547 conari.
342 1505 446 1547 versus
475 1484 624 1549 l.11746
653 1507 669 1547 a
696 1488 882 1548 Lachmanno
909 1488 1068 1568 Rernaysio

60 1574 206 1635 Munrone
230 1577 272 1635 sic
296 1578 424 1653 scriptus
448 1583 505 1635 est:
529 1574 629 1636 omnic
651 1575 734 1637 enlm
756 1573 836 1637 color
857 1575 981 1638 omniuo
1003 1595 1069 1638 mu-

60 1665 147 1726 tatur
168 1663 217 1724 tat
233 1661 341 1724 omnis.
377 1665 408 1722 in
431 1663 479 1722 his
500 1663 556 1723 hoc
575 1664 652 1742 quod
672 1672 718 1725 est
735 1662 770 1725 clo
788 1663 887 1726 omnis
905 1683 965 1724 non
982 1665 1069 1725 modo

61 1771 123 1812 non
147 1751 183 1811 ad
207 1770 271 1811 rem
294 1770 359 1811 esse
383 1751 435 1811 sed
461 1753 508 1810 vix
532 1751 664 1832 latinum,
687 1760 776 1812 etue
800 1753 931 1831 intellegi
950 1753 1069 1830 quidem

60 1857 159 1919 posse,
183 1840 253 1918 qnid
277 1846 356 1899 essct
378 1837 460 1916 quod
477 1837 580 1918 fucere
596 1836 682 1901 baud
697 1837 760 1902 ullo
779 1841 921 1901 deberent
932 1839 1068 1919 primor-

60 1926 117 1990 cta
130 1929 230 2006 pacto,
249 1927 448 1987 demonstravi
464 1927 564 2006 philol.
577 1927 655 1987 XXV
669 1926 719 1990 62.
749 1936 901 2008 praeterea
920 1929 962 1989 ibi
981 1930 1068 1989 docui

28 2071 32 2075 .
61 2015 245 2096 Lucretium,
269 2018 308 2097 si,
330 2021 364 2076 ut
386 2015 508 2095 soleret,
531 2015 658 2076 dilucide
682 2015 811 2076 scribere
834 2017 935 2097 vellet,
959 2017 1066 2078 addere

61 2104 211 2182 debuisse,
230 2103 344 2164 colores
363 2105 415 2181 qui
432 2102 523 2164 rebus
542 2111 650 2184 essent,
672 2107 781 2164 mutari
799 2123 859 2165 non
877 2124 973 2185 posse,
997 2108 1069 2184 quin

62 2211 112 2252 res
135 2195 217 2270 ipsae
235 2198 429 2252 mutarentur.
461 2210 533 2251 num
551 2194 642 2270 igitur
660 2191 815 2252 Lucretius
833 2191 986 2270 peccavit?
1015 2196 1069 2252 mi-

62 2283 156 2340 nime:
175 2298 242 2340 nam
257 2282 347 2340 estin
361 2278 446 2339 libris
462 2282 590 2359 antiquis
604 2298 663 2339 non
677 2281 725 2342 iac
738 2278 846 2355 omnis,
863 2280 940 2358 quod
955 2283 1069 2358 primus

62 2370 184 2447 scripsit
202 2370 237 2449 is,
256 2370 308 2446 qui
320 2368 449 2427 Florent.
465 2365 504 2428 31
526 2369 692 2448 descripsit,
712 2368 763 2429 sed
777 2365 935 2430 erumnis.
967 2387 1070 2429 vereor

61 2475 99 2517 ne
124 2463 226 2516 contra
249 2464 342 2516 artem
365 2458 405 2515 sit
427 2455 540 2515 duabus
559 2455 666 2516 litteris
685 2459 805 2516 mutatis
824 2457 941 2517 efficere
960 2465 994 2516 ut
1011 2456 1069 2517 Lu-

62 2546 174 2605 cretius
202 2544 268 2622 plus
290 2562 350 2604 uno
374 2546 492 2604 nomine
515 2562 654 2622 peccasse
678 2545 818 2605 videatur.
865 2545 974 2604 excidit
998 2563 1069 2605 vero

61 2651 167 2693 versus
189 2634 222 2691 in
243 2631 318 2692 hanc
342 2634 518 2692 sententiam
541 2638 716 2710 conceptus:
739 2635 769 2694 et
789 2649 891 2694 omues
909 2630 978 2710 <res
996 2631 1071 2695 dum

62 2717 162 2782 alium
184 2718 319 2798 cupiunt,
336 2718 454 2781 moturi
471 2717 557 2799 ipsae
574 2737 689 2799 quoquc
707 2717 838 2799 debent).
874 2720 962 2781 Peius
982 2724 1070 2781 etiam

61 2808 267 2869 Lachmannus
298 2827 363 2869 rem
390 2811 482 2886 gessit
508 2807 535 2868 ll
558 2806 622 2871 899
638 2827 700 2886 sqq.
725 2803 803 2891 (902
819 2827 882 2888 sqq.
910 2802 997 2892 Lm).
1038 2811 1069 2869 in

61 2895 259 2957 Leidensibus
285 2897 357 2956 haec
386 2899 494 2975 scripta
523 2903 604 2956 sunt:
632 2894 738 2958 deiude
765 2914 802 2958 ec
827 2893 990 2958 sensilibus
1016 2895 1071 2974 qui

61 2982 171 3046 saccale
196 3001 288 3063 posse
319 2982 418 3046 creurc'
449 2982 637 3047 constituunt
659 3002 755 3063 porro
786 3002 823 3046 cc
854 2982 928 3046 otiis
959 2984 1071 3047 sentire

60 3072 151 3150 sueti,
178 3069 287 3134 mollio
309 3090 378 3134 cum
397 3071 526 3151 facium.
572 3072 627 3133 llic
648 3072 821 3152 Lambinus,
845 3091 933 3151 quem
955 3080 1069 3133 tantum

62 3180 122 3223 non
153 3180 257 3221 omncs
285 3163 379 3221 secuti
409 3168 490 3240 sunt,
521 3162 686 3220 rectissime
714 3159 821 3240 scatia,
852 3160 1070 3222 Lachmannus:

61 3248 169 3313 deiude
189 3267 240 3327 ecc,
262 3245 454 3312 seminibus
471 3246 546 3327 qui.
562 3296 568 3308 .
585 3247 705 3324 sucus,
724 3245 831 3310 mollio
849 3250 925 3311 iam
940 3247 1070 3330 fuciunt,

61 3346 220 3418 utrumque
244 3337 455 3397 infelicissime.
492 3354 560 3396 nam
583 3355 650 3396 cum
672 3337 702 3396 id
726 3339 824 3415 ipsum
847 3344 949 3414 agatur
968 3345 1001 3397 nt
1020 3338 1070 3397 de-

61 3433 244 3487 monstretur
266 3421 394 3488 sensilia
416 3442 475 3484 non
498 3441 536 3485 ec
552 3421 715 3486 sensilibus
733 3427 829 3487 creari
847 3443 944 3506 posse,
968 3444 1070 3486 vocem

60 3511 224 3578 sensiltbus
248 3521 362 3575 tentare
385 3531 446 3572 non
469 3519 533 3574 erat
555 3515 621 3574 sani
641 3513 763 3598 iudicii,
780 3520 867 3575 recte
881 3513 1035 3591 igitunlt.
1049 3520 1086 3569 et
