<?xml version="1.0" encoding="UTF-8"?>
<!DOCTYPE html PUBLIC "-//W3C//DTD XHTML 1.0 Transitional//EN"
    "http://www.w3.org/TR/xhtml1/DTD/xhtml1-transitional.dtd">
<html xmlns="http://www.w3.org/1999/xhtml" xml:lang="en" lang="en">
 <head>
  <title>
</title>
<meta http-equiv="Content-Type" content="text/html;charset=utf-8" />
  <meta name='ocr-system' content='tesseract 3.04.00' />
  <meta name='ocr-capabilities' content='ocr_page ocr_carea ocr_par ocr_line ocrx_word'/>
</head>
<body>
  <div class='ocr_page' id='page_1' title='image "./tlucreticarider01carugoog_0125.png"; bbox 0 0 2430 3878; ppageno 0'>
   <div class='ocr_carea' id='block_1_1' title="bbox 96 195 611 258">
    <p class='ocr_par' dir='ltr' id='par_1_1' title="bbox 96 195 611 258">
     <span class='ocr_line' id='line_1_1' title="bbox 96 195 611 258; baseline 0.002 0"><span class='ocrx_word' id='word_1_1' title='bbox 96 195 139 258; x_wconf 84' lang='lat'>36</span> <span class='ocrx_word' id='word_1_2' title='bbox 584 195 611 249; x_wconf 85' lang='grc' dir='ltr'>ΙΙ</span> 
     </span>
    </p>
   </div>
   <div class='ocr_carea' id='block_1_2' title="bbox 96 341 1068 3597">
    <p class='ocr_par' dir='ltr' id='par_1_2' title="bbox 167 341 998 510">
     <span class='ocr_line' id='line_1_2' title="bbox 167 341 998 424; baseline 0.001 -23"><span class='ocrx_word' id='word_1_3' title='bbox 167 345 263 421; x_wconf 89' lang='lat' dir='ltr'>prima</span> <span class='ocrx_word' id='word_1_4' title='bbox 285 351 441 403; x_wconf 90' lang='lat' dir='ltr'>moventur</span> <span class='ocrx_word' id='word_1_5' title='bbox 464 345 543 403; x_wconf 90' lang='lat' dir='ltr'>euim</span> <span class='ocrx_word' id='word_1_6' title='bbox 565 360 619 420; x_wconf 91' lang='lat' dir='ltr'>per</span> <span class='ocrx_word' id='word_1_7' title='bbox 643 360 674 402; x_wconf 92' lang='lat' dir='ltr'>se</span> <span class='ocrx_word' id='word_1_8' title='bbox 697 341 858 420; x_wconf 89' lang='lat' dir='ltr'>primordia</span> <span class='ocrx_word' id='word_1_9' title='bbox 881 360 998 424; x_wconf 87' lang='lat' dir='ltr'>rerum,</span> 
     </span>
     <span class='ocr_line' id='line_1_3' title="bbox 169 429 923 510; baseline 0.001 -21"><span class='ocrx_word' id='word_1_10' title='bbox 169 430 237 490; x_wconf 91' lang='lat' dir='ltr'>inde</span> <span class='ocrx_word' id='word_1_11' title='bbox 261 448 294 490; x_wconf 88' lang='lat' dir='ltr'>ea</span> <span class='ocrx_word' id='word_1_12' title='bbox 318 449 392 510; x_wconf 90' lang='lat' dir='ltr'>quae</span> <span class='ocrx_word' id='word_1_13' title='bbox 416 450 505 510; x_wconf 90' lang='lat' dir='ltr'>parvo</span> <span class='ocrx_word' id='word_1_14' title='bbox 530 438 598 490; x_wconf 89' lang='lat' dir='ltr'>sunt</span> <span class='ocrx_word' id='word_1_15' title='bbox 620 447 743 508; x_wconf 90' lang='lat' dir='ltr'>corpora</span> <span class='ocrx_word' id='word_1_16' title='bbox 766 429 923 490; x_wconf 92' lang='lat' dir='ltr'>conciliatu</span> 
     </span>
    </p>

    <p class='ocr_par' dir='ltr' id='par_1_3' title="bbox 99 517 958 950">
     <span class='ocr_line' id='line_1_4' title="bbox 99 517 958 600; baseline 0.003 -24"><span class='ocrx_word' id='word_1_17' title='bbox 99 528 149 576; x_wconf 85' lang='grc'>135</span> <span class='ocrx_word' id='word_1_18' title='bbox 169 525 198 578; x_wconf 93' lang='lat' dir='ltr'>et</span> <span class='ocrx_word' id='word_1_19' title='bbox 222 521 306 597; x_wconf 82' lang='lat' dir='ltr'>quasi</span> <span class='ocrx_word' id='word_1_20' title='bbox 327 521 462 598; x_wconf 87' lang='lat' dir='ltr'>proxima</span> <span class='ocrx_word' id='word_1_21' title='bbox 485 517 611 579; x_wconf 89' lang='lat' dir='ltr'>suntad</span> <span class='ocrx_word' id='word_1_22' title='bbox 634 520 706 577; x_wconf 90' lang='lat' dir='ltr'>viris</span> <span class='ocrx_word' id='word_1_23' title='bbox 729 520 958 600; x_wconf 82' lang='lat' dir='ltr'>principiorum,</span> 
     </span>
     <span class='ocr_line' id='line_1_5' title="bbox 168 605 824 686; baseline 0 -21"><span class='ocrx_word' id='word_1_24' title='bbox 168 605 276 666; x_wconf 87' lang='lat' dir='ltr'>ictibus</span> <span class='ocrx_word' id='word_1_25' title='bbox 299 606 417 667; x_wconf 93' lang='lat' dir='ltr'>illorum</span> <span class='ocrx_word' id='word_1_26' title='bbox 440 609 535 668; x_wconf 87' lang='lat' dir='ltr'>caecis</span> <span class='ocrx_word' id='word_1_27' title='bbox 558 605 673 684; x_wconf 90' lang='lat' dir='ltr'>inpulsa</span> <span class='ocrx_word' id='word_1_28' title='bbox 697 608 824 686; x_wconf 79' lang='lat' dir='ltr'>cientur,</span> 
     </span>
     <span class='ocr_line' id='line_1_6' title="bbox 168 693 907 791; baseline 0.001 -38"><span class='ocrx_word' id='word_1_29' title='bbox 168 697 289 773; x_wconf 90' lang='lat' dir='ltr'>ipsaque</span> <span class='ocrx_word' id='word_1_30' title='bbox 312 712 456 773; x_wconf 91' lang='lat' dir='ltr'>proporro</span> <span class='ocrx_word' id='word_1_31' title='bbox 479 693 565 773; x_wconf 88' lang='lat' dir='ltr'>paulo</span> <span class='ocrx_word' id='word_1_32' title='bbox 588 696 699 753; x_wconf 90' lang='lat' dir='ltr'>maiora</span> <span class='ocrx_word' id='word_1_33' title='bbox 722 694 907 791; x_wconf 67' lang='lat' dir='ltr'>lacessunt,</span> 
     </span>
     <span class='ocr_line' id='line_1_7' title="bbox 169 783 837 862; baseline 0.001 -20"><span class='ocrx_word' id='word_1_34' title='bbox 169 785 211 843; x_wconf 91' lang='lat' dir='ltr'>sic</span> <span class='ocrx_word' id='word_1_35' title='bbox 234 801 250 841; x_wconf 94' lang='lat' dir='ltr'>a</span> <span class='ocrx_word' id='word_1_36' title='bbox 272 785 427 862; x_wconf 85' lang='lat' dir='ltr'>principiis</span> <span class='ocrx_word' id='word_1_37' title='bbox 451 783 583 842; x_wconf 91' lang='lat' dir='ltr'>ascendit</span> <span class='ocrx_word' id='word_1_38' title='bbox 605 790 702 842; x_wconf 93' lang='lat' dir='ltr'>motus</span> <span class='ocrx_word' id='word_1_39' title='bbox 725 785 837 843; x_wconf 84' lang='lat' dir='ltr'>etexit</span> 
     </span>
     <span class='ocr_line' id='line_1_8' title="bbox 167 871 896 950; baseline 0.001 -20"><span class='ocrx_word' id='word_1_40' title='bbox 167 871 307 949; x_wconf 91' lang='lat' dir='ltr'>paulatim</span> <span class='ocrx_word' id='word_1_41' title='bbox 330 879 446 931; x_wconf 89' lang='lat' dir='ltr'>nostros</span> <span class='ocrx_word' id='word_1_42' title='bbox 470 871 505 931; x_wconf 92' lang='lat' dir='ltr'>ad</span> <span class='ocrx_word' id='word_1_43' title='bbox 529 889 647 950; x_wconf 88' lang='lat' dir='ltr'>sensus,</span> <span class='ocrx_word' id='word_1_44' title='bbox 670 880 703 930; x_wconf 93' lang='lat' dir='ltr'>ut</span> <span class='ocrx_word' id='word_1_45' title='bbox 725 879 896 931; x_wconf 90' lang='lat' dir='ltr'>moveantur</span> 
     </span>
    </p>

    <p class='ocr_par' dir='ltr' id='par_1_4' title="bbox 100 958 1045 1126">
     <span class='ocr_line' id='line_1_9' title="bbox 100 958 1045 1040; baseline 0.007 -26"><span class='ocrx_word' id='word_1_46' title='bbox 100 958 217 1018; x_wconf 75' lang='lat' dir='ltr'>moilla</span> <span class='ocrx_word' id='word_1_47' title='bbox 241 977 371 1040; x_wconf 90' lang='lat' dir='ltr'>quoque,</span> <span class='ocrx_word' id='word_1_48' title='bbox 393 962 425 1019; x_wconf 91' lang='lat' dir='ltr'>iu</span> <span class='ocrx_word' id='word_1_49' title='bbox 449 959 519 1019; x_wconf 93' lang='lat' dir='ltr'>solis</span> <span class='ocrx_word' id='word_1_50' title='bbox 543 976 617 1038; x_wconf 92' lang='lat' dir='ltr'>quae</span> <span class='ocrx_word' id='word_1_51' title='bbox 639 958 750 1019; x_wconf 86' lang='lat' dir='ltr'>lumine</span> <span class='ocrx_word' id='word_1_52' title='bbox 773 977 896 1019; x_wconf 89' lang='lat' dir='ltr'>cernere</span> <span class='ocrx_word' id='word_1_53' title='bbox 920 962 1045 1039; x_wconf 90' lang='lat' dir='ltr'>quimus</span> 
     </span>
     <span class='ocr_line' id='line_1_10' title="bbox 168 1046 928 1126; baseline 0 -19"><span class='ocrx_word' id='word_1_54' title='bbox 168 1065 223 1107; x_wconf 91' lang='lat' dir='ltr'>nec</span> <span class='ocrx_word' id='word_1_55' title='bbox 246 1046 353 1125; x_wconf 90' lang='lat' dir='ltr'>quibus</span> <span class='ocrx_word' id='word_1_56' title='bbox 377 1047 408 1107; x_wconf 92' lang='lat' dir='ltr'>id</span> <span class='ocrx_word' id='word_1_57' title='bbox 431 1047 538 1106; x_wconf 84' lang='lat' dir='ltr'>saciant</span> <span class='ocrx_word' id='word_1_58' title='bbox 560 1046 653 1126; x_wconf 90' lang='lat' dir='ltr'>plagis</span> <span class='ocrx_word' id='word_1_59' title='bbox 676 1055 797 1126; x_wconf 90' lang='lat' dir='ltr'>apparet</span> <span class='ocrx_word' id='word_1_60' title='bbox 819 1055 928 1125; x_wconf 88' lang='lat' dir='ltr'>aperte.</span> 
     </span>
    </p>

    <p class='ocr_par' dir='ltr' id='par_1_5' title="bbox 169 1134 1029 1394">
     <span class='ocr_line' id='line_1_11' title="bbox 212 1134 920 1214; baseline 0 -20"><span class='ocrx_word' id='word_1_61' title='bbox 212 1134 296 1194; x_wconf 90' lang='lat' dir='ltr'>Nunc</span> <span class='ocrx_word' id='word_1_62' title='bbox 320 1154 393 1214; x_wconf 90' lang='lat' dir='ltr'>quae</span> <span class='ocrx_word' id='word_1_63' title='bbox 416 1135 564 1195; x_wconf 84' lang='lat' dir='ltr'>mobilitas</span> <span class='ocrx_word' id='word_1_64' title='bbox 589 1137 627 1194; x_wconf 91' lang='lat' dir='ltr'>sit</span> <span class='ocrx_word' id='word_1_65' title='bbox 648 1134 763 1195; x_wconf 85' lang='lat' dir='ltr'>reddita</span> <span class='ocrx_word' id='word_1_66' title='bbox 785 1137 920 1195; x_wconf 86' lang='lat' dir='ltr'>materiai</span> 
     </span>
     <span class='ocr_line' id='line_1_12' title="bbox 169 1223 1029 1304; baseline 0.003 -21"><span class='ocrx_word' id='word_1_67' title='bbox 169 1223 355 1304; x_wconf 85' lang='lat' dir='ltr'>corporibus,</span> <span class='ocrx_word' id='word_1_68' title='bbox 378 1226 479 1302; x_wconf 84' lang='lat' dir='ltr'>paucis</span> <span class='ocrx_word' id='word_1_69' title='bbox 503 1223 572 1283; x_wconf 89' lang='lat' dir='ltr'>licet</span> <span class='ocrx_word' id='word_1_70' title='bbox 594 1223 663 1283; x_wconf 88' lang='lat' dir='ltr'>binc</span> <span class='ocrx_word' id='word_1_71' title='bbox 686 1240 877 1302; x_wconf 84' lang='lat' dir='ltr'>cognoscere,</span> <span class='ocrx_word' id='word_1_72' title='bbox 898 1223 1029 1286; x_wconf 83' lang='lat' dir='ltr'>Memmi.</span> 
     </span>
     <span class='ocr_line' id='line_1_13' title="bbox 169 1310 1015 1394; baseline 0.002 -24"><span class='ocrx_word' id='word_1_73' title='bbox 169 1313 297 1390; x_wconf 90' lang='lat' dir='ltr'>primum</span> <span class='ocrx_word' id='word_1_74' title='bbox 320 1330 426 1371; x_wconf 91' lang='lat' dir='ltr'>aurora</span> <span class='ocrx_word' id='word_1_75' title='bbox 448 1329 523 1371; x_wconf 91' lang='lat' dir='ltr'>novo</span> <span class='ocrx_word' id='word_1_76' title='bbox 548 1329 614 1370; x_wconf 93' lang='lat' dir='ltr'>cum</span> <span class='ocrx_word' id='word_1_77' title='bbox 638 1313 749 1389; x_wconf 83' lang='lat' dir='ltr'>spargit</span> <span class='ocrx_word' id='word_1_78' title='bbox 771 1310 881 1370; x_wconf 90' lang='lat' dir='ltr'>lumine</span> <span class='ocrx_word' id='word_1_79' title='bbox 904 1321 1015 1394; x_wconf 78' lang='lat' dir='ltr'>terraS,</span> 
     </span>
    </p>

    <p class='ocr_par' dir='ltr' id='par_1_6' title="bbox 100 1398 1044 1830">
     <span class='ocr_line' id='line_1_14' title="bbox 100 1398 933 1478; baseline 0.008 -25"><span class='ocrx_word' id='word_1_80' title='bbox 100 1405 150 1454; x_wconf 82' lang='lat'>145</span> <span class='ocrx_word' id='word_1_81' title='bbox 170 1407 199 1459; x_wconf 94' lang='lat' dir='ltr'>et</span> <span class='ocrx_word' id='word_1_82' title='bbox 220 1401 317 1458; x_wconf 91' lang='lat' dir='ltr'>variae</span> <span class='ocrx_word' id='word_1_83' title='bbox 340 1398 474 1460; x_wconf 91' lang='lat' dir='ltr'>volucres</span> <span class='ocrx_word' id='word_1_84' title='bbox 497 1417 617 1458; x_wconf 89' lang='lat' dir='ltr'>nemora</span> <span class='ocrx_word' id='word_1_85' title='bbox 641 1401 703 1458; x_wconf 88' lang='lat' dir='ltr'>avia</span> <span class='ocrx_word' id='word_1_86' title='bbox 725 1399 933 1478; x_wconf 74' lang='lat' dir='ltr'>pervolitantes</span> 
     </span>
     <span class='ocr_line' id='line_1_15' title="bbox 169 1485 1001 1570; baseline 0.004 -24"><span class='ocrx_word' id='word_1_87' title='bbox 169 1492 237 1546; x_wconf 77' lang='lat' dir='ltr'>aera</span> <span class='ocrx_word' id='word_1_88' title='bbox 259 1505 313 1565; x_wconf 93' lang='lat' dir='ltr'>per</span> <span class='ocrx_word' id='word_1_89' title='bbox 334 1495 471 1547; x_wconf 87' lang='lat' dir='ltr'>tenerum</span> <span class='ocrx_word' id='word_1_90' title='bbox 493 1486 613 1566; x_wconf 90' lang='lat' dir='ltr'>liquidis</span> <span class='ocrx_word' id='word_1_91' title='bbox 636 1485 700 1546; x_wconf 92' lang='lat' dir='ltr'>loca</span> <span class='ocrx_word' id='word_1_92' title='bbox 722 1486 843 1547; x_wconf 91' lang='lat' dir='ltr'>vocibus</span> <span class='ocrx_word' id='word_1_93' title='bbox 866 1487 1001 1570; x_wconf 85' lang='lat' dir='ltr'>opplent,</span> 
     </span>
     <span class='ocr_line' id='line_1_16' title="bbox 170 1572 894 1653; baseline 0.003 -21"><span class='ocrx_word' id='word_1_94' title='bbox 170 1592 257 1653; x_wconf 88' lang='lat' dir='ltr'>quam</span> <span class='ocrx_word' id='word_1_95' title='bbox 281 1572 377 1634; x_wconf 92' lang='lat' dir='ltr'>subito</span> <span class='ocrx_word' id='word_1_96' title='bbox 402 1574 493 1634; x_wconf 93' lang='lat' dir='ltr'>soleat</span> <span class='ocrx_word' id='word_1_97' title='bbox 516 1573 560 1634; x_wconf 93' lang='lat' dir='ltr'>sol</span> <span class='ocrx_word' id='word_1_98' title='bbox 583 1580 664 1634; x_wconf 90' lang='lat' dir='ltr'>ortus</span> <span class='ocrx_word' id='word_1_99' title='bbox 687 1583 820 1653; x_wconf 84' lang='lat' dir='ltr'>tempore</span> <span class='ocrx_word' id='word_1_100' title='bbox 842 1575 894 1635; x_wconf 86' lang='lat' dir='ltr'>tali</span> 
     </span>
     <span class='ocr_line' id='line_1_17' title="bbox 169 1662 832 1743; baseline 0 -21"><span class='ocrx_word' id='word_1_101' title='bbox 169 1664 333 1722; x_wconf 89' lang='lat' dir='ltr'>convestire</span> <span class='ocrx_word' id='word_1_102' title='bbox 357 1680 409 1722; x_wconf 91' lang='lat' dir='ltr'>sua</span> <span class='ocrx_word' id='word_1_103' title='bbox 431 1662 611 1741; x_wconf 83' lang='lat' dir='ltr'>perfundens</span> <span class='ocrx_word' id='word_1_104' title='bbox 635 1665 731 1722; x_wconf 91' lang='lat' dir='ltr'>omnia</span> <span class='ocrx_word' id='word_1_105' title='bbox 754 1663 832 1743; x_wconf 89' lang='lat' dir='ltr'>lucc,</span> 
     </span>
     <span class='ocr_line' id='line_1_18' title="bbox 170 1749 1044 1830; baseline 0.006 -21"><span class='ocrx_word' id='word_1_106' title='bbox 170 1749 306 1810; x_wconf 92' lang='lat' dir='ltr'>omuibus</span> <span class='ocrx_word' id='word_1_107' title='bbox 329 1753 361 1810; x_wconf 90' lang='lat' dir='ltr'>in</span> <span class='ocrx_word' id='word_1_108' title='bbox 383 1759 520 1829; x_wconf 89' lang='lat' dir='ltr'>promptu</span> <span class='ocrx_word' id='word_1_109' title='bbox 543 1751 788 1830; x_wconf 85' lang='lat' dir='ltr'>manifestumque</span> <span class='ocrx_word' id='word_1_110' title='bbox 812 1769 877 1811; x_wconf 90' lang='lat' dir='ltr'>esse</span> <span class='ocrx_word' id='word_1_111' title='bbox 901 1752 1044 1815; x_wconf 90' lang='lat' dir='ltr'>videmus.</span> 
     </span>
    </p>

    <p class='ocr_par' dir='ltr' id='par_1_7' title="bbox 100 1838 1015 2274">
     <span class='ocr_line' id='line_1_19' title="bbox 100 1838 1015 1918; baseline 0.002 -20"><span class='ocrx_word' id='word_1_112' title='bbox 100 1843 151 1890; x_wconf 85' lang='lat'>150</span> <span class='ocrx_word' id='word_1_113' title='bbox 170 1848 199 1898; x_wconf 89' lang='lat' dir='ltr'>at</span> <span class='ocrx_word' id='word_1_114' title='bbox 221 1857 310 1918; x_wconf 90' lang='lat' dir='ltr'>vapor</span> <span class='ocrx_word' id='word_1_115' title='bbox 332 1841 358 1898; x_wconf 91' lang='lat' dir='ltr'>is</span> <span class='ocrx_word' id='word_1_116' title='bbox 382 1858 469 1918; x_wconf 92' lang='lat' dir='ltr'>quem</span> <span class='ocrx_word' id='word_1_117' title='bbox 493 1838 536 1898; x_wconf 94' lang='lat' dir='ltr'>sol</span> <span class='ocrx_word' id='word_1_118' title='bbox 559 1841 650 1898; x_wconf 91' lang='lat' dir='ltr'>mittit</span> <span class='ocrx_word' id='word_1_119' title='bbox 672 1838 831 1918; x_wconf 87' lang='lat' dir='ltr'>lumenque</span> <span class='ocrx_word' id='word_1_120' title='bbox 855 1857 1015 1901; x_wconf 86' lang='lat' dir='ltr'>serenum.</span> 
     </span>
     <span class='ocr_line' id='line_1_20' title="bbox 169 1927 958 2007; baseline 0.003 -21"><span class='ocrx_word' id='word_1_121' title='bbox 169 1945 229 1987; x_wconf 91' lang='lat' dir='ltr'>nou</span> <span class='ocrx_word' id='word_1_122' title='bbox 251 1945 306 2006; x_wconf 89' lang='lat' dir='ltr'>per</span> <span class='ocrx_word' id='word_1_123' title='bbox 327 1929 414 1987; x_wconf 88' lang='lat' dir='ltr'>inane</span> <span class='ocrx_word' id='word_1_124' title='bbox 436 1935 515 1987; x_wconf 89' lang='lat' dir='ltr'>meat</span> <span class='ocrx_word' id='word_1_125' title='bbox 537 1945 672 2007; x_wconf 79' lang='lat' dir='ltr'>vacuum3</span> <span class='ocrx_word' id='word_1_126' title='bbox 696 1946 754 2005; x_wconf 90' lang='lat' dir='ltr'>quo</span> <span class='ocrx_word' id='word_1_127' title='bbox 777 1927 889 1987; x_wconf 90' lang='lat' dir='ltr'>tardius</span> <span class='ocrx_word' id='word_1_128' title='bbox 913 1931 958 1988; x_wconf 89' lang='lat' dir='ltr'>ire</span> 
     </span>
     <span class='ocr_line' id='line_1_21' title="bbox 170 2015 933 2097; baseline 0.001 -23"><span class='ocrx_word' id='word_1_129' title='bbox 170 2017 297 2095; x_wconf 90' lang='lat' dir='ltr'>cogitur,</span> <span class='ocrx_word' id='word_1_130' title='bbox 320 2018 415 2074; x_wconf 76' lang='lat' dir='ltr'>airias</span> <span class='ocrx_word' id='word_1_131' title='bbox 439 2018 523 2094; x_wconf 88' lang='lat' dir='ltr'>quasi</span> <span class='ocrx_word' id='word_1_132' title='bbox 546 2016 615 2074; x_wconf 91' lang='lat' dir='ltr'>dum</span> <span class='ocrx_word' id='word_1_133' title='bbox 638 2015 804 2075; x_wconf 86' lang='lat' dir='ltr'>diverberat</span> <span class='ocrx_word' id='word_1_134' title='bbox 826 2016 933 2097; x_wconf 80' lang='lat' dir='ltr'>undas3</span> 
     </span>
     <span class='ocr_line' id='line_1_22' title="bbox 169 2102 907 2183; baseline 0.001 -20"><span class='ocrx_word' id='word_1_135' title='bbox 169 2122 225 2163; x_wconf 91' lang='lat' dir='ltr'>nec</span> <span class='ocrx_word' id='word_1_136' title='bbox 248 2102 416 2181; x_wconf 85' lang='lat' dir='ltr'>singillatim</span> <span class='ocrx_word' id='word_1_137' title='bbox 439 2103 612 2181; x_wconf 90' lang='lat' dir='ltr'>corpuscula</span> <span class='ocrx_word' id='word_1_138' title='bbox 636 2122 768 2182; x_wconf 90' lang='lat' dir='ltr'>quaeque</span> <span class='ocrx_word' id='word_1_139' title='bbox 791 2106 907 2183; x_wconf 92' lang='lat' dir='ltr'>vaporis</span> 
     </span>
     <span class='ocr_line' id='line_1_23' title="bbox 170 2190 960 2274; baseline 0.001 -23"><span class='ocrx_word' id='word_1_140' title='bbox 170 2192 221 2252; x_wconf 92' lang='lat' dir='ltr'>sed</span> <span class='ocrx_word' id='word_1_141' title='bbox 245 2192 395 2271; x_wconf 83' lang='lat' dir='ltr'>complexa</span> <span class='ocrx_word' id='word_1_142' title='bbox 417 2199 516 2251; x_wconf 89' lang='lat' dir='ltr'>meant</span> <span class='ocrx_word' id='word_1_143' title='bbox 539 2194 671 2251; x_wconf 91' lang='lat' dir='ltr'>inter-sc</span> <span class='ocrx_word' id='word_1_144' title='bbox 696 2210 809 2270; x_wconf 93' lang='lat' dir='ltr'>conque</span> <span class='ocrx_word' id='word_1_145' title='bbox 833 2190 960 2274; x_wconf 70' lang='lat' dir='ltr'>globata,</span> 
     </span>
    </p>

    <p class='ocr_par' dir='ltr' id='par_1_8' title="bbox 101 2279 1068 2712">
     <span class='ocr_line' id='line_1_24' title="bbox 101 2279 1068 2359; baseline 0.006 -24"><span class='ocrx_word' id='word_1_146' title='bbox 101 2288 152 2336; x_wconf 90' lang='grc'>155</span> <span class='ocrx_word' id='word_1_147' title='bbox 172 2288 350 2359; x_wconf 88' lang='lat' dir='ltr'>quapropter</span> <span class='ocrx_word' id='word_1_148' title='bbox 373 2279 460 2339; x_wconf 91' lang='lat' dir='ltr'>simul</span> <span class='ocrx_word' id='word_1_149' title='bbox 483 2283 561 2340; x_wconf 90' lang='lat' dir='ltr'>inter</span> <span class='ocrx_word' id='word_1_150' title='bbox 584 2299 616 2339; x_wconf 88' lang='lat' dir='ltr'>se</span> <span class='ocrx_word' id='word_1_151' title='bbox 639 2279 830 2339; x_wconf 85' lang='lat' dir='ltr'>retrahuntur</span> <span class='ocrx_word' id='word_1_152' title='bbox 853 2288 882 2340; x_wconf 93' lang='lat' dir='ltr'>et</span> <span class='ocrx_word' id='word_1_153' title='bbox 905 2290 988 2341; x_wconf 87' lang='lat' dir='ltr'>extra</span> <span class='ocrx_word' id='word_1_154' title='bbox 1065 2327 1068 2334; x_wconf 89' lang='lat'>.</span> 
     </span>
     <span class='ocr_line' id='line_1_25' title="bbox 171 2367 791 2448; baseline -0.002 -21"><span class='ocrx_word' id='word_1_155' title='bbox 171 2369 352 2448; x_wconf 86' lang='lat' dir='ltr'>officiuntur,</span> <span class='ocrx_word' id='word_1_156' title='bbox 374 2371 418 2428; x_wconf 90' lang='lat' dir='ltr'>uti</span> <span class='ocrx_word' id='word_1_157' title='bbox 441 2375 582 2445; x_wconf 90' lang='lat' dir='ltr'>cogantur</span> <span class='ocrx_word' id='word_1_158' title='bbox 603 2367 716 2427; x_wconf 90' lang='lat' dir='ltr'>tardius</span> <span class='ocrx_word' id='word_1_159' title='bbox 738 2370 791 2428; x_wconf 90' lang='lat' dir='ltr'>ire.</span> 
     </span>
     <span class='ocr_line' id='line_1_26' title="bbox 170 2455 911 2538; baseline 0 -23"><span class='ocrx_word' id='word_1_160' title='bbox 170 2465 296 2533; x_wconf 88' lang='lat' dir='ltr'>atquae</span> <span class='ocrx_word' id='word_1_161' title='bbox 320 2463 389 2515; x_wconf 92' lang='lat' dir='ltr'>sunt</span> <span class='ocrx_word' id='word_1_162' title='bbox 412 2455 503 2515; x_wconf 92' lang='lat' dir='ltr'>solida</span> <span class='ocrx_word' id='word_1_163' title='bbox 526 2456 687 2534; x_wconf 89' lang='lat' dir='ltr'>primordia</span> <span class='ocrx_word' id='word_1_164' title='bbox 711 2455 911 2538; x_wconf 87' lang='lat' dir='ltr'>simplicitate,</span> 
     </span>
     <span class='ocr_line' id='line_1_27' title="bbox 171 2546 1042 2623; baseline 0.006 -21"><span class='ocrx_word' id='word_1_165' title='bbox 171 2561 237 2602; x_wconf 93' lang='lat' dir='ltr'>cum</span> <span class='ocrx_word' id='word_1_166' title='bbox 259 2562 313 2622; x_wconf 93' lang='lat' dir='ltr'>per</span> <span class='ocrx_word' id='word_1_167' title='bbox 335 2546 423 2602; x_wconf 91' lang='lat' dir='ltr'>inane</span> <span class='ocrx_word' id='word_1_168' title='bbox 445 2552 544 2603; x_wconf 91' lang='lat' dir='ltr'>meant</span> <span class='ocrx_word' id='word_1_169' title='bbox 565 2561 702 2623; x_wconf 89' lang='lat' dir='ltr'>vacuum,</span> <span class='ocrx_word' id='word_1_170' title='bbox 724 2562 780 2604; x_wconf 90' lang='lat' dir='ltr'>nec</span> <span class='ocrx_word' id='word_1_171' title='bbox 802 2562 851 2603; x_wconf 91' lang='lat' dir='ltr'>res</span> <span class='ocrx_word' id='word_1_172' title='bbox 874 2553 1042 2607; x_wconf 85' lang='lat' dir='ltr'>remoratur</span> 
     </span>
     <span class='ocr_line' id='line_1_28' title="bbox 169 2630 943 2712; baseline 0.003 -22"><span class='ocrx_word' id='word_1_173' title='bbox 169 2630 228 2690; x_wconf 88' lang='lat' dir='ltr'>ulla</span> <span class='ocrx_word' id='word_1_174' title='bbox 251 2632 336 2712; x_wconf 75' lang='lat' dir='ltr'>forts,</span> <span class='ocrx_word' id='word_1_175' title='bbox 361 2640 448 2708; x_wconf 89' lang='lat' dir='ltr'>atque</span> <span class='ocrx_word' id='word_1_176' title='bbox 471 2633 535 2709; x_wconf 90' lang='lat' dir='ltr'>ipsa</span> <span class='ocrx_word' id='word_1_177' title='bbox 558 2634 620 2691; x_wconf 91' lang='lat' dir='ltr'>suis</span> <span class='ocrx_word' id='word_1_178' title='bbox 644 2650 659 2691; x_wconf 93' lang='lat' dir='ltr'>e</span> <span class='ocrx_word' id='word_1_179' title='bbox 682 2631 816 2711; x_wconf 88' lang='lat' dir='ltr'>partibus</span> <span class='ocrx_word' id='word_1_180' title='bbox 838 2650 943 2712; x_wconf 91' lang='lat' dir='ltr'>unum,</span> 
     </span>
    </p>

    <p class='ocr_par' dir='ltr' id='par_1_9' title="bbox 101 2719 1005 3150">
     <span class='ocr_line' id='line_1_29' title="bbox 101 2719 1005 2802; baseline 0.008 -28"><span class='ocrx_word' id='word_1_181' title='bbox 101 2726 151 2776; x_wconf 80' lang='lat'>160</span> <span class='ocrx_word' id='word_1_182' title='bbox 170 2737 275 2798; x_wconf 89' lang='lat' dir='ltr'>unum,</span> <span class='ocrx_word' id='word_1_183' title='bbox 298 2721 329 2777; x_wconf 89' lang='lat' dir='ltr'>in</span> <span class='ocrx_word' id='word_1_184' title='bbox 352 2737 439 2797; x_wconf 93' lang='lat' dir='ltr'>quem</span> <span class='ocrx_word' id='word_1_185' title='bbox 462 2737 586 2798; x_wconf 91' lang='lat' dir='ltr'>coepere</span> <span class='ocrx_word' id='word_1_186' title='bbox 609 2719 707 2779; x_wconf 90' lang='lat' dir='ltr'>locum</span> <span class='ocrx_word' id='word_1_187' title='bbox 730 2722 833 2779; x_wconf 84' lang='lat' dir='ltr'>conixa</span> <span class='ocrx_word' id='word_1_188' title='bbox 855 2721 1005 2802; x_wconf 87' lang='lat' dir='ltr'>feruutur,</span> 
     </span>
     <span class='ocr_line' id='line_1_30' title="bbox 170 2807 854 2886; baseline 0.003 -20"><span class='ocrx_word' id='word_1_189' title='bbox 170 2807 290 2886; x_wconf 89' lang='lat' dir='ltr'>debent,</span> <span class='ocrx_word' id='word_1_190' title='bbox 313 2809 465 2886; x_wconf 88' lang='lat' dir='ltr'>nimirum,</span> <span class='ocrx_word' id='word_1_191' title='bbox 488 2807 667 2886; x_wconf 91' lang='lat' dir='ltr'>praecellere</span> <span class='ocrx_word' id='word_1_192' title='bbox 692 2807 854 2868; x_wconf 87' lang='lat' dir='ltr'>mobilitate</span> 
     </span>
     <span class='ocr_line' id='line_1_31' title="bbox 170 2894 859 2974; baseline -0.001 -19"><span class='ocrx_word' id='word_1_193' title='bbox 170 2903 199 2955; x_wconf 92' lang='lat' dir='ltr'>et</span> <span class='ocrx_word' id='word_1_194' title='bbox 221 2894 313 2955; x_wconf 91' lang='lat' dir='ltr'>multo</span> <span class='ocrx_word' id='word_1_195' title='bbox 336 2898 424 2955; x_wconf 91' lang='lat' dir='ltr'>citius</span> <span class='ocrx_word' id='word_1_196' title='bbox 447 2897 520 2956; x_wconf 88' lang='lat' dir='ltr'>ferri</span> <span class='ocrx_word' id='word_1_197' title='bbox 543 2913 631 2974; x_wconf 93' lang='lat' dir='ltr'>quam</span> <span class='ocrx_word' id='word_1_198' title='bbox 653 2895 765 2956; x_wconf 89' lang='lat' dir='ltr'>lumina</span> <span class='ocrx_word' id='word_1_199' title='bbox 788 2895 859 2956; x_wconf 93' lang='lat' dir='ltr'>solis</span> 
     </span>
     <span class='ocr_line' id='line_1_32' title="bbox 170 2983 965 3063; baseline 0.004 -21"><span class='ocrx_word' id='word_1_200' title='bbox 170 2983 380 3063; x_wconf 83' lang='lat' dir='ltr'>multiplexque</span> <span class='ocrx_word' id='word_1_201' title='bbox 404 2983 462 3043; x_wconf 89' lang='lat' dir='ltr'>loci</span> <span class='ocrx_word' id='word_1_202' title='bbox 485 2987 611 3062; x_wconf 87' lang='lat' dir='ltr'>spatium</span> <span class='ocrx_word' id='word_1_203' title='bbox 634 2992 838 3044; x_wconf 86' lang='lat' dir='ltr'>transcurrere</span> <span class='ocrx_word' id='word_1_204' title='bbox 862 2985 965 3045; x_wconf 92' lang='lat' dir='ltr'>eodem</span> 
     </span>
     <span class='ocr_line' id='line_1_33' title="bbox 169 3071 954 3150; baseline 0.003 -19"><span class='ocrx_word' id='word_1_205' title='bbox 169 3080 302 3150; x_wconf 92' lang='lat' dir='ltr'>tempore</span> <span class='ocrx_word' id='word_1_206' title='bbox 326 3090 383 3149; x_wconf 92' lang='lat' dir='ltr'>quo</span> <span class='ocrx_word' id='word_1_207' title='bbox 408 3071 478 3131; x_wconf 88' lang='lat' dir='ltr'>solis</span> <span class='ocrx_word' id='word_1_208' title='bbox 500 3071 672 3150; x_wconf 89' lang='lat' dir='ltr'>pervolgant</span> <span class='ocrx_word' id='word_1_209' title='bbox 694 3071 809 3150; x_wconf 88' lang='lat' dir='ltr'>fulgura</span> <span class='ocrx_word' id='word_1_210' title='bbox 833 3072 954 3133; x_wconf 89' lang='lat' dir='ltr'>caelum.</span> 
     </span>
    </p>

    <p class='ocr_par' dir='ltr' id='par_1_10' title="bbox 593 3179 611 3217">
     <span class='ocr_line' id='line_1_34' title="bbox 593 3179 611 3217; baseline 0 0"><span class='ocrx_word' id='word_1_211' title='bbox 593 3179 611 3217; x_wconf 66' lang='lat' dir='ltr'>s</span> 
     </span>
    </p>

    <p class='ocr_par' dir='ltr' id='par_1_11' title="bbox 100 3247 948 3415">
     <span class='ocr_line' id='line_1_35' title="bbox 100 3247 900 3330; baseline 0.008 -27"><span class='ocrx_word' id='word_1_212' title='bbox 100 3258 150 3305; x_wconf 81' lang='lat'>165</span> <span class='ocrx_word' id='word_1_213' title='bbox 170 3265 225 3307; x_wconf 87' lang='lat' dir='ltr'>nco</span> <span class='ocrx_word' id='word_1_214' title='bbox 247 3250 410 3326; x_wconf 88' lang='lat' dir='ltr'>persectari</span> <span class='ocrx_word' id='word_1_215' title='bbox 431 3247 593 3326; x_wconf 83' lang='lat' dir='ltr'>primordia</span> <span class='ocrx_word' id='word_1_216' title='bbox 617 3248 730 3327; x_wconf 89' lang='lat' dir='ltr'>singula</span> <span class='ocrx_word' id='word_1_217' title='bbox 753 3267 900 3330; x_wconf 88' lang='lat' dir='ltr'>quaeque,</span> 
     </span>
     <span class='ocr_line' id='line_1_36' title="bbox 170 3335 948 3415; baseline 0.004 -20"><span class='ocrx_word' id='word_1_218' title='bbox 170 3343 202 3395; x_wconf 93' lang='lat' dir='ltr'>ut</span> <span class='ocrx_word' id='word_1_219' title='bbox 224 3335 342 3395; x_wconf 91' lang='lat' dir='ltr'>videant</span> <span class='ocrx_word' id='word_1_220' title='bbox 364 3355 421 3413; x_wconf 93' lang='lat' dir='ltr'>qua</span> <span class='ocrx_word' id='word_1_221' title='bbox 445 3337 570 3415; x_wconf 90' lang='lat' dir='ltr'>quicque</span> <span class='ocrx_word' id='word_1_222' title='bbox 594 3346 714 3414; x_wconf 87' lang='lat' dir='ltr'>geratur</span> <span class='ocrx_word' id='word_1_223' title='bbox 736 3355 804 3397; x_wconf 88' lang='lat' dir='ltr'>cum</span> <span class='ocrx_word' id='word_1_224' title='bbox 826 3340 948 3399; x_wconf 90' lang='lat' dir='ltr'>ratione.</span> 
     </span>
    </p>

    <p class='ocr_par' dir='ltr' id='par_1_12' title="bbox 96 3422 991 3597">
     <span class='ocr_line' id='line_1_37' title="bbox 96 3422 913 3508; baseline 0.006 -28"><span class='ocrx_word' id='word_1_225' title='bbox 96 3431 152 3480; x_wconf 80' lang='grc'><strong>165</strong></span> <span class='ocrx_word' id='word_1_226' title='bbox 217 3424 254 3482; x_wconf 78' lang='lat' dir='ltr'>At</span> <span class='ocrx_word' id='word_1_227' title='bbox 276 3422 393 3501; x_wconf 84' lang='lat' dir='ltr'>qnidam</span> <span class='ocrx_word' id='word_1_228' title='bbox 418 3432 518 3483; x_wconf 90' lang='lat' dir='ltr'>contra</span> <span class='ocrx_word' id='word_1_229' title='bbox 541 3424 626 3503; x_wconf 84' lang='lat' dir='ltr'>bace,</span> <span class='ocrx_word' id='word_1_230' title='bbox 649 3427 744 3503; x_wconf 87' lang='lat' dir='ltr'>ignari</span> <span class='ocrx_word' id='word_1_231' title='bbox 766 3428 913 3508; x_wconf 88' lang='lat' dir='ltr'>materiai,</span> 
     </span>
     <span class='ocr_line' id='line_1_38' title="bbox 154 3512 991 3597; baseline 0.006 -27"><span class='ocrx_word' id='word_1_232' title='bbox 154 3517 298 3572; x_wconf 86' lang='lat' dir='ltr'>naturam</span> <span class='ocrx_word' id='word_1_233' title='bbox 320 3531 384 3574; x_wconf 91' lang='lat' dir='ltr'>non</span> <span class='ocrx_word' id='word_1_234' title='bbox 406 3532 511 3597; x_wconf 90' lang='lat' dir='ltr'>posse,</span> <span class='ocrx_word' id='word_1_235' title='bbox 534 3512 625 3575; x_wconf 73' lang='lat' dir='ltr'>eleum</span> <span class='ocrx_word' id='word_1_236' title='bbox 646 3516 712 3574; x_wconf 83' lang='lat' dir='ltr'>siue</span> <span class='ocrx_word' id='word_1_237' title='bbox 731 3516 870 3592; x_wconf 80' lang='lat' dir='ltr'>numine,</span> <span class='ocrx_word' id='word_1_238' title='bbox 888 3522 991 3575; x_wconf 84' lang='lat' dir='ltr'>rentur</span> 
     </span>
    </p>
   </div>
   <div class='ocr_carea' id='block_1_3' title="bbox 1033 3680 1062 3709">
    <p class='ocr_par' dir='ltr' id='par_1_13' title="bbox 1033 3680 1062 3709">
     <span class='ocr_line' id='line_1_39' title="bbox 1033 3680 1062 3709; baseline 0 0"><span class='ocrx_word' id='word_1_239' title='bbox 1033 3680 1062 3709; x_wconf 56' lang='lat' dir='ltr'>h</span> 
     </span>
    </p>
   </div>
   <div class='ocr_carea' id='block_1_4' title="bbox 0 0 1226 3878">
    <p class='ocr_par' dir='ltr' id='par_1_14' title="bbox 0 0 1226 3878">
     <span class='ocr_line' id='line_1_40' title="bbox 0 0 1226 3878; baseline 0 0"><span class='ocrx_word' id='word_1_240' title='bbox 0 0 1226 3878; x_wconf 95' lang='lat' dir='ltr'> </span> 
     </span>
    </p>
   </div>
  </div>
 </body>
</html>
