2430 3878
166 186 231 240 XIV
528 185 809 242 PROLEGOMENA.

166 336 229 412 ipse
257 335 303 393 vir
330 352 383 412 pro
411 333 589 393 humanitate
619 353 671 394 sua
699 352 745 394 me
774 334 810 393 de
839 352 873 393 ea
900 352 931 393 re
960 333 1073 413 docuit,
1104 352 1170 394 mea

166 422 256 482 editio
288 425 346 481 iarn
378 424 509 500 imprimi
541 429 643 500 coepta
671 429 747 500 crat,
779 425 819 481 ita
845 429 877 481 ut
904 421 940 481 ad
967 424 1170 500 quaestionem

166 528 270 570 novam
292 510 502 570 instituendam
525 517 641 588 tempus
664 528 711 569 me
737 509 883 570 deficeret.
925 510 1030 588 quodsi
1049 509 1170 570 Carolus

165 597 273 658 Hosius
293 617 367 676 quae
386 600 499 658 invenit
516 596 717 678 publicaverit,
736 598 814 677 quod
831 597 913 658 brevi
927 598 1059 658 futurum
1074 617 1169 678 spero,

167 686 342 767 videbimus,
371 689 397 746 si
424 689 490 765 quis
519 687 594 746 forte
623 687 735 746 lructus
763 705 799 746 ex
822 689 866 746 eis
889 686 1052 746 redundare
1076 688 1170 764 possit

166 775 201 834 ad
230 793 349 835 carmen
376 775 412 834 de
440 793 540 834 rerum
567 781 670 834 natura
698 774 922 834 emendandum.
968 793 1022 852 ego
1047 774 1168 853 quidem

166 880 339 944 persuasum
370 863 463 922 habeo
496 863 572 942 lore,
605 869 637 922 ut
666 862 845 922 Lachmanui
877 865 1022 923 sententia
1053 881 1090 922 ne
1122 863 1169 921 his

165 951 286 1029 quidem
308 953 391 1010 novis
414 953 507 1029 copiis
530 950 728 1011 labefactetur.

252 1038 343 1099 Venio
366 1041 424 1099 iam
447 1039 483 1098 ad
507 1057 570 1098 rem
593 1038 748 1119 quandam,
772 1058 845 1118 quae
871 1041 1030 1099 maximum
1052 1038 1169 1117 pondus

164 1126 273 1187 habere
301 1126 389 1187 debet
415 1129 447 1186 in
469 1126 639 1187 Lucretiani
666 1129 763 1205 operis
789 1145 922 1188 censura.
968 1144 1042 1205 quae
1064 1126 1168 1185 Hiero-

165 1233 269 1294 nymus
293 1215 372 1295 dicit,
395 1214 566 1275 Lucretium
587 1214 699 1292 aliquot
721 1214 812 1274 libros
832 1217 987 1293 scripsisse
1005 1233 1059 1293 per
1077 1217 1169 1273 inter-

165 1302 237 1362 valla
268 1305 412 1383 insaniae,
446 1322 519 1381 quos
551 1310 652 1381 postea
682 1301 785 1362 Cicero
819 1302 1029 1382 emendaverit,
1061 1304 1093 1361 in
1124 1305 1168 1362 eis

165 1391 368 1451 Lachmannus
391 1391 465 1451 nihil
488 1394 606 1450 omnino
631 1409 696 1450 esse
720 1392 880 1470 existimat,
904 1390 981 1469 quod
1005 1390 1087 1450 credi
1109 1408 1168 1450 non

164 1481 258 1557 possit
281 1473 322 1560 (p.
347 1476 389 1541 62
410 1473 476 1561 sq).
523 1482 572 1538 cui
600 1482 640 1538 ita
667 1481 825 1558 assentior,
852 1486 886 1539 ut
912 1478 968 1537 hoc
992 1484 1075 1538 certe
1099 1496 1168 1538 con-

165 1573 242 1627 stare
275 1573 377 1645 putem
403 1566 572 1626 Lucretium
604 1585 658 1645 per
690 1566 841 1626 intervalla
869 1568 1032 1644 scripsisse.
1083 1569 1168 1626 cuius

163 1662 262 1714 tamen
285 1657 329 1714 rei
352 1673 439 1715 causa
462 1661 561 1714 utrum
584 1657 698 1715 insania
720 1655 883 1714 identidem
901 1672 1058 1715 recurrens
1077 1655 1168 1714 luerit

163 1761 270 1824 necne,
297 1761 393 1821 neque
424 1745 485 1802 scio
513 1761 608 1822 neque
637 1761 715 1803 curo.
761 1745 827 1803 lieri
855 1742 973 1821 quidem
1000 1745 1107 1822 potuit,
1135 1749 1168 1802 ut

162 1839 248 1909 poeta
276 1850 343 1890 cum
370 1834 401 1890 in
428 1830 550 1909 Epicuri
577 1830 660 1890 libris
688 1830 763 1890 male
791 1832 943 1909 dispositis
965 1863 1011 1874 -
1033 1831 1067 1890 cl.
1096 1830 1166 1889 diss.

164 1919 253 1979 schol.
281 1919 343 1978 Hal.
372 1916 456 1981 1882
483 1939 510 1998 p.
541 1917 558 1980 1
584 1938 646 1998 sqq.
674 1952 717 1962 —
745 1919 876 1997 legendis
905 1926 935 1978 et
961 1918 1167 1996 intellegendis

163 2006 322 2085 plurimum
344 2009 486 2086 temporis
510 2007 691 2087 absumeret,
714 2025 749 2067 ea
771 2009 835 2085 ipsa
858 2025 890 2067 re
914 2013 1070 2084 cogeretur
1093 2008 1166 2065 scri-

162 2094 251 2156 bendi
278 2114 352 2173 opus
380 2096 528 2155 interdum
555 2097 758 2155 intermittere.
805 2102 954 2173 utcunque
982 2095 1050 2174 fuit,
1078 2094 1167 2154 habe-

162 2202 228 2243 mus
259 2183 379 2244 Lucreti
416 2202 489 2262 opus
526 2202 621 2262 neque
659 2201 718 2242 uno
754 2192 857 2243 tenore
895 2185 1037 2260 scriptum
1069 2200 1166 2260 neque

162 2271 328 2332 absolutum
360 2291 456 2350 neque
485 2271 520 2331 ab
549 2275 612 2350 ipso
640 2278 727 2349 poeta
754 2271 878 2331 editum:
912 2289 985 2349 quae
1014 2289 1071 2348 quo
1098 2288 1166 2348 per-

162 2362 287 2440 tineant,
314 2362 428 2438 primus
451 2359 654 2419 Lachmannus
680 2361 839 2437 perspexit.
886 2361 936 2436 qui
960 2375 1040 2437 cum,
1068 2359 1165 2416 animo

162 2450 287 2506 manime
311 2450 341 2507 in
365 2465 428 2507 rem
450 2449 572 2527 intento,
596 2447 740 2526 quomodo
764 2449 926 2506 sententiae
948 2447 1026 2505 inter
1045 2463 1076 2506 se
1096 2465 1165 2505 con-

161 2537 327 2595 tinerentur
349 2542 505 2613 partesque
529 2538 607 2595 inter
630 2555 662 2596 se
687 2537 857 2612 exciperent
878 2540 1042 2614 quaereret,
1065 2533 1165 2594 videre

162 2623 219 2682 sibi
246 2625 326 2682 visus
355 2629 399 2682 est
428 2623 566 2683 nonnulla
594 2622 720 2702 capitula
742 2641 838 2702 neque
861 2640 914 2682 suo
938 2621 1002 2682 loco
1026 2621 1166 2682 collocata

161 2718 260 2770 extare
284 2729 379 2789 neque
402 2710 520 2790 habere,
544 2730 601 2789 quo
625 2714 721 2789 aptius
742 2712 982 2789 transferrentur,
1005 2710 1041 2770 cl.
1060 2727 1164 2770 comm.

159 2819 188 2878 p.
212 2796 263 2877 62,
287 2795 337 2878 84,
361 2795 435 2879 285,
459 2795 532 2860 384.
575 2800 647 2859 haec
670 2798 731 2859 vult
754 2818 770 2859 a
792 2798 929 2859 Lucretio
953 2797 1009 2858 alio
1032 2805 1165 2876 tempore

161 2893 248 2965 atque
277 2904 311 2946 ea
340 2886 446 2965 quibus
475 2890 585 2947 inserta
612 2887 737 2965 legimus
765 2889 874 2965 scripta
901 2904 975 2947 esse.
1021 2886 1099 2964 quod
1124 2887 1165 2945 ita

160 2993 263 3034 verum
287 2993 353 3034 esse
376 2982 455 3055 puto,
479 2983 511 3035 ut
532 2982 630 3034 tamen
649 2978 757 3035 nonin
776 2974 986 3054 omneslocoS,
1007 2975 1039 3034 in
1058 2972 1165 3052 quibus

159 3063 365 3123 Lachmannus
393 3063 422 3122 id
450 3064 559 3123 factum
582 3063 744 3143 contendit,
773 3063 876 3123 cadere
900 3062 1040 3122 videatur.
1086 3062 1165 3140 quod

161 3171 228 3211 vero
258 3152 336 3211 idem
364 3151 444 3211 addit
471 3154 581 3230 scripta
609 3170 674 3211 esse
700 3151 762 3230 illa,
789 3169 857 3211 cum
878 3150 1034 3210 Lucretius
1057 3157 1165 3230 cetera,

160 3239 268 3318 quibus
283 3242 415 3299 inserere
431 3238 560 3320 deberet,
579 3242 609 3299 in
625 3239 760 3299 manibus
774 3258 832 3299 nou
846 3238 977 3317 haberet,
995 3256 1054 3297 non
1069 3238 1165 3298 credi-

161 3328 263 3387 derim.
293 3335 322 3387 et
331 3326 535 3387 Lachmannus
550 3328 669 3406 quidem
680 3328 829 3388 contendit
838 3326 895 3387 tale
906 3326 976 3406 quid
986 3344 1046 3387 non
1055 3327 1165 3386 lactum

161 3434 225 3476 esse
242 3419 272 3475 in
283 3416 433 3494 prioribus
444 3416 558 3476 duobus
568 3415 661 3494 libris,
675 3419 706 3475 in
716 3434 773 3495 quo
783 3434 852 3476 eum
861 3433 976 3476 errasse
987 3433 1040 3492 ego
1050 3417 1164 3493 primus

143 3501 359 3563 demonstrari.
410 3504 489 3578 ride,
520 3523 594 3584 quae
618 3504 654 3565 ad
678 3504 695 3565 l.
718 3505 731 3564 l
753 3523 779 3564 v.
801 3500 847 3564 44
869 3511 899 3564 et
923 3499 987 3563 130
1010 3501 1163 3562 adnotabo.
