<?xml version="1.0" encoding="UTF-8"?>
<!DOCTYPE html PUBLIC "-//W3C//DTD XHTML 1.0 Transitional//EN"
    "http://www.w3.org/TR/xhtml1/DTD/xhtml1-transitional.dtd">
<html xmlns="http://www.w3.org/1999/xhtml" xml:lang="en" lang="en">
 <head>
  <title>
</title>
<meta http-equiv="Content-Type" content="text/html;charset=utf-8" />
  <meta name='ocr-system' content='tesseract 3.04.00' />
  <meta name='ocr-capabilities' content='ocr_page ocr_carea ocr_par ocr_line ocrx_word'/>
</head>
<body>
  <div class='ocr_page' id='page_1' title='image "./tlucreticarider01carugoog_0075.png"; bbox 0 0 2430 3878; ppageno 0'>
   <div class='ocr_carea' id='block_1_1' title="bbox 151 160 798 220">
    <p class='ocr_par' dir='ltr' id='par_1_1' title="bbox 151 160 798 220">
     <span class='ocr_line' id='line_1_1' title="bbox 151 160 798 220; baseline -0.008 -1"><span class='ocrx_word' id='word_1_1' title='bbox 151 164 226 220; x_wconf 85' lang='lat' dir='ltr'>LXX</span> <span class='ocrx_word' id='word_1_2' title='bbox 518 160 798 216; x_wconf 81' lang='lat' dir='ltr'><strong>PROLEGOMENA.</strong></span> 
     </span>
    </p>
   </div>
   <div class='ocr_carea' id='block_1_2' title="bbox 168 301 1205 392">
    <p class='ocr_par' dir='ltr' id='par_1_2' title="bbox 168 301 1205 392">
     <span class='ocr_line' id='line_1_2' title="bbox 168 301 1205 392; baseline -0.004 -22"><span class='ocrx_word' id='word_1_3' title='bbox 168 309 226 380; x_wconf 80' lang='lat' dir='ltr'><strong>OQ.</strong></span> <span class='ocrx_word' id='word_1_4' title='bbox 249 301 317 392; x_wconf 79' lang='lat' dir='ltr'><strong>Mr.)</strong></span> <span class='ocrx_word' id='word_1_5' title='bbox 338 307 546 386; x_wconf 74' lang='lat' dir='ltr'><strong>praenuntius</strong></span> <span class='ocrx_word' id='word_1_6' title='bbox 572 310 643 369; x_wconf 81' lang='lat' dir='ltr'><strong>oute</strong></span> <span class='ocrx_word' id='word_1_7' title='bbox 662 310 820 387; x_wconf 77' lang='grc'>55555555</span> <span class='ocrx_word' id='word_1_8' title='bbox 839 304 995 386; x_wconf 62' lang='lat' dir='ltr'><strong>eraditur,</strong></span> <span class='ocrx_word' id='word_1_9' title='bbox 1018 302 1158 386; x_wconf 69' lang='lat' dir='ltr'>Zephyri</span> <span class='ocrx_word' id='word_1_10' title='bbox 1203 310 1205 319; x_wconf 90' lang='lat'>&#39;</span> 
     </span>
    </p>
   </div>
   <div class='ocr_carea' id='block_1_3' title="bbox 145 388 1172 3566">
    <p class='ocr_par' dir='ltr' id='par_1_3' title="bbox 145 388 1172 3566">
     <span class='ocr_line' id='line_1_3' title="bbox 168 388 1157 479; baseline -0.001 -22"><span class='ocrx_word' id='word_1_11' title='bbox 168 397 226 468; x_wconf 85' lang='lat' dir='ltr'><strong>OQ.</strong></span> <span class='ocrx_word' id='word_1_12' title='bbox 245 391 312 473; x_wconf 68' lang='grc' dir='ltr'>ΜΓ.)</span> <span class='ocrx_word' id='word_1_13' title='bbox 335 395 463 476; x_wconf 64' lang='lat' dir='ltr'><strong>castinio</strong></span> <span class='ocrx_word' id='word_1_14' title='bbox 475 398 601 475; x_wconf 74' lang='grc'>55555755</span> <span class='ocrx_word' id='word_1_15' title='bbox 619 403 687 457; x_wconf 84' lang='lat' dir='ltr'><strong>etc:</strong></span> <span class='ocrx_word' id='word_1_16' title='bbox 709 395 789 458; x_wconf 79' lang='grc'>55555</span> <span class='ocrx_word' id='word_1_17' title='bbox 808 388 931 479; x_wconf 87' lang='lat' dir='ltr'><strong>(Bentl.)</strong></span> <span class='ocrx_word' id='word_1_18' title='bbox 948 393 1157 474; x_wconf 71' lang='grc'>5555555555</span> 
     </span>
     <span class='ocr_line' id='line_1_4' title="bbox 152 480 1156 565; baseline -0.003 -19"><span class='ocrx_word' id='word_1_19' title='bbox 152 533 203 546; x_wconf 93' lang='grc'>...</span> <span class='ocrx_word' id='word_1_20' title='bbox 222 483 366 564; x_wconf 77' lang='grc'>55557555</span> <span class='ocrx_word' id='word_1_21' title='bbox 383 482 541 565; x_wconf 70' lang='lat' dir='ltr'>Zephyrus</span> <span class='ocrx_word' id='word_1_22' title='bbox 558 484 679 545; x_wconf 89' lang='lat' dir='ltr'><strong>Pontan.</strong></span> <span class='ocrx_word' id='word_1_23' title='bbox 698 484 809 545; x_wconf 87' lang='lat' dir='ltr'><strong>Marutl.</strong></span> <span class='ocrx_word' id='word_1_24' title='bbox 828 482 890 544; x_wconf 90' lang='lat' dir='ltr'>Lm.</span> <span class='ocrx_word' id='word_1_25' title='bbox 908 482 940 544; x_wconf 91' lang='lat' dir='ltr'><strong>B.</strong></span> <span class='ocrx_word' id='word_1_26' title='bbox 964 516 1006 526; x_wconf 95' lang='lat'><em>-</em></span> <span class='ocrx_word' id='word_1_27' title='bbox 1030 480 1096 545; x_wconf 88' lang='grc'>735</span> <span class='ocrx_word' id='word_1_28' title='bbox 1115 501 1156 562; x_wconf 87' lang='lat' dir='ltr'><strong>sq.</strong></span> 
     </span>
     <span class='ocr_line' id='line_1_5' title="bbox 152 566 1156 656; baseline -0.005 -21"><span class='ocrx_word' id='word_1_29' title='bbox 152 621 204 635; x_wconf 88' lang='lat'>...</span> <span class='ocrx_word' id='word_1_30' title='bbox 222 571 354 653; x_wconf 77' lang='grc'>55555555</span> <span class='ocrx_word' id='word_1_31' title='bbox 372 572 484 636; x_wconf 72' lang='lat' dir='ltr'><strong>utute:</strong></span> <span class='ocrx_word' id='word_1_32' title='bbox 507 572 604 635; x_wconf 78' lang='grc'>555555</span> <span class='ocrx_word' id='word_1_33' title='bbox 623 566 768 656; x_wconf 72' lang='lat' dir='ltr'>(hiemps)</span> <span class='ocrx_word' id='word_1_34' title='bbox 840 571 944 651; x_wconf 84' lang='lat' dir='ltr'>Bergk.</span> <span class='ocrx_word' id='word_1_35' title='bbox 968 589 1034 632; x_wconf 89' lang='lat' dir='ltr'><strong>ann.</strong></span> <span class='ocrx_word' id='word_1_36' title='bbox 1058 571 1156 651; x_wconf 90' lang='lat' dir='ltr'><strong>philol.</strong></span> 
     </span>
     <span class='ocr_line' id='line_1_6' title="bbox 152 657 1157 740; baseline -0.004 -17"><span class='ocrx_word' id='word_1_37' title='bbox 152 661 252 723; x_wconf 83' lang='lat' dir='ltr'>LXVII</span> <span class='ocrx_word' id='word_1_38' title='bbox 278 658 342 724; x_wconf 91' lang='grc'>325</span> <span class='ocrx_word' id='word_1_39' title='bbox 438 659 519 723; x_wconf 80' lang='lat' dir='ltr'><strong>redit</strong></span> <span class='ocrx_word' id='word_1_40' title='bbox 544 660 602 731; x_wconf 83' lang='lat' dir='ltr'><strong>OQ.</strong></span> <span class='ocrx_word' id='word_1_41' title='bbox 624 659 757 740; x_wconf 78' lang='grc'>55555555</span> <span class='ocrx_word' id='word_1_42' title='bbox 782 658 893 722; x_wconf 77' lang='lat' dir='ltr'><strong>reddat:</strong></span> <span class='ocrx_word' id='word_1_43' title='bbox 926 657 1006 721; x_wconf 90' lang='lat' dir='ltr'><strong>Flor.</strong></span> <span class='ocrx_word' id='word_1_44' title='bbox 1029 657 1082 721; x_wconf 89' lang='grc'>31.</span> <span class='ocrx_word' id='word_1_45' title='bbox 1105 659 1157 719; x_wconf 85' lang='lat' dir='ltr'><strong>Mr.</strong></span> 
     </span>
     <span class='ocr_line' id='line_1_7' title="bbox 145 744 1158 832; baseline -0.005 -20"><span class='ocrx_word' id='word_1_46' title='bbox 145 748 256 832; x_wconf 75' lang='lat' dir='ltr'><strong>prodii</strong></span> <span class='ocrx_word' id='word_1_47' title='bbox 275 747 400 828; x_wconf 76' lang='grc'>75555555,</span> <span class='ocrx_word' id='word_1_48' title='bbox 418 747 554 828; x_wconf 79' lang='lat' dir='ltr'><strong>sequitur</strong></span> <span class='ocrx_word' id='word_1_49' title='bbox 572 798 578 809; x_wconf 95' lang='lat'><strong>.</strong></span> <span class='ocrx_word' id='word_1_50' title='bbox 595 798 622 811; x_wconf 89' lang='lat'>..</span> <span class='ocrx_word' id='word_1_51' title='bbox 642 745 741 828; x_wconf 77' lang='grc'>57555·</span> <span class='ocrx_word' id='word_1_52' title='bbox 758 748 832 809; x_wconf 89' lang='lat' dir='ltr'>Lm:</span> <span class='ocrx_word' id='word_1_53' title='bbox 855 744 920 827; x_wconf 80' lang='grc'>5755·</span> <span class='ocrx_word' id='word_1_54' title='bbox 938 747 996 819; x_wconf 79' lang='lat'><strong>00.</strong></span> <span class='ocrx_word' id='word_1_55' title='bbox 1086 744 1158 826; x_wconf 76' lang='grc'>5755</span> 
     </span>
     <span class='ocr_line' id='line_1_8' title="bbox 152 833 1157 917; baseline -0.002 -19"><span class='ocrx_word' id='word_1_56' title='bbox 152 838 257 917; x_wconf 81' lang='lat' dir='ltr'><strong>Bergk.</strong></span> <span class='ocrx_word' id='word_1_57' title='bbox 288 838 341 898; x_wconf 90' lang='lat' dir='ltr'><strong>Mr.</strong></span> <span class='ocrx_word' id='word_1_58' title='bbox 370 872 411 881; x_wconf 95' lang='lat'>-</span> <span class='ocrx_word' id='word_1_59' title='bbox 440 837 503 899; x_wconf 90' lang='grc'>756</span> <span class='ocrx_word' id='word_1_60' title='bbox 533 834 639 917; x_wconf 60' lang='grc'>757555</span> <span class='ocrx_word' id='word_1_61' title='bbox 670 837 728 907; x_wconf 83' lang='lat' dir='ltr'><strong>OQ.</strong></span> <span class='ocrx_word' id='word_1_62' title='bbox 759 837 812 898; x_wconf 88' lang='lat' dir='ltr'><strong>Mr.</strong></span> <span class='ocrx_word' id='word_1_63' title='bbox 839 833 936 916; x_wconf 60' lang='lat' dir='ltr'><strong>futuit</strong></span> <span class='ocrx_word' id='word_1_64' title='bbox 964 835 1027 896; x_wconf 87' lang='lat' dir='ltr'>Lm</span> <span class='ocrx_word' id='word_1_65' title='bbox 1054 834 1087 896; x_wconf 90' lang='grc' dir='ltr'>Β,</span> <span class='ocrx_word' id='word_1_66' title='bbox 1117 869 1157 878; x_wconf 95' lang='grc'>-</span> 
     </span>
     <span class='ocr_line' id='line_1_9' title="bbox 154 921 1160 989; baseline 0 -3"><span class='ocrx_word' id='word_1_67' title='bbox 154 925 216 989; x_wconf 88' lang='grc'>778</span> <span class='ocrx_word' id='word_1_68' title='bbox 235 924 307 988; x_wconf 74' lang='lat' dir='ltr'>tude</span> <span class='ocrx_word' id='word_1_69' title='bbox 323 923 380 987; x_wconf 83' lang='grc'>7555</span> <span class='ocrx_word' id='word_1_70' title='bbox 397 923 582 988; x_wconf 80' lang='grc'>5555555755</span> <span class='ocrx_word' id='word_1_71' title='bbox 597 923 699 988; x_wconf 82' lang='lat' dir='ltr'><strong>saeclo</strong></span> <span class='ocrx_word' id='word_1_72' title='bbox 716 923 831 987; x_wconf 84' lang='lat' dir='ltr'><strong>creaott</strong></span> <span class='ocrx_word' id='word_1_73' title='bbox 851 927 886 985; x_wconf 83' lang='lat' dir='ltr'><strong>cf.</strong></span> <span class='ocrx_word' id='word_1_74' title='bbox 905 924 942 984; x_wconf 91' lang='lat' dir='ltr'>VI</span> <span class='ocrx_word' id='word_1_75' title='bbox 961 921 1024 987; x_wconf 88' lang='grc'>755</span> <span class='ocrx_word' id='word_1_76' title='bbox 1042 925 1160 986; x_wconf 81' lang='grc'>557555</span> 
     </span>
     <span class='ocr_line' id='line_1_10' title="bbox 152 1009 1160 1094; baseline -0.004 -16"><span class='ocrx_word' id='word_1_77' title='bbox 152 1012 211 1078; x_wconf 75' lang='lat' dir='ltr'><strong>toci</strong></span> <span class='ocrx_word' id='word_1_78' title='bbox 236 1031 312 1094; x_wconf 75' lang='lat' dir='ltr'><strong>opus</strong></span> <span class='ocrx_word' id='word_1_79' title='bbox 341 1012 435 1094; x_wconf 57' lang='lat' dir='ltr'>efficit</span> <span class='ocrx_word' id='word_1_80' title='bbox 460 1022 489 1075; x_wconf 90' lang='lat' dir='ltr'>et</span> <span class='ocrx_word' id='word_1_81' title='bbox 517 1033 605 1093; x_wconf 86' lang='lat' dir='ltr'><strong>supra</strong></span> <span class='ocrx_word' id='word_1_82' title='bbox 632 1034 660 1094; x_wconf 93' lang='lat' dir='ltr'>p.</span> <span class='ocrx_word' id='word_1_83' title='bbox 683 1013 772 1074; x_wconf 87' lang='lat' dir='ltr'>XVIII</span> <span class='ocrx_word' id='word_1_84' title='bbox 790 1033 833 1092; x_wconf 85' lang='lat' dir='ltr'><strong>sq.</strong></span> <span class='ocrx_word' id='word_1_85' title='bbox 886 1009 1033 1075; x_wconf 75' lang='lat' dir='ltr'><strong>mortalia</strong></span> <span class='ocrx_word' id='word_1_86' title='bbox 1058 1009 1160 1074; x_wconf 71' lang='lat' dir='ltr'><strong>saeclo</strong></span> 
     </span>
     <span class='ocr_line' id='line_1_11' title="bbox 153 1101 1159 1182; baseline -0.002 -18"><span class='ocrx_word' id='word_1_87' title='bbox 153 1104 212 1175; x_wconf 79' lang='lat'><strong>00.</strong></span> <span class='ocrx_word' id='word_1_88' title='bbox 236 1103 288 1163; x_wconf 92' lang='lat' dir='ltr'>sed</span> <span class='ocrx_word' id='word_1_89' title='bbox 311 1103 445 1163; x_wconf 86' lang='lat' dir='ltr'><strong>mortalia</strong></span> <span class='ocrx_word' id='word_1_90' title='bbox 468 1103 563 1163; x_wconf 89' lang='lat' dir='ltr'><strong>saecla</strong></span> <span class='ocrx_word' id='word_1_91' title='bbox 586 1110 655 1163; x_wconf 87' lang='lat' dir='ltr'><strong>sunt</strong></span> <span class='ocrx_word' id='word_1_92' title='bbox 676 1103 823 1182; x_wconf 90' lang='lat' dir='ltr'><strong>homines,</strong></span> <span class='ocrx_word' id='word_1_93' title='bbox 850 1110 879 1162; x_wconf 86' lang='lat' dir='ltr'>et</span> <span class='ocrx_word' id='word_1_94' title='bbox 900 1101 1054 1162; x_wconf 91' lang='lat' dir='ltr'><strong>hominum</strong></span> <span class='ocrx_word' id='word_1_95' title='bbox 1076 1108 1159 1162; x_wconf 91' lang='lat' dir='ltr'><strong>ortus</strong></span> 
     </span>
     <span class='ocr_line' id='line_1_12' title="bbox 152 1190 1160 1272; baseline -0.002 -20"><span class='ocrx_word' id='word_1_96' title='bbox 152 1193 230 1252; x_wconf 84' lang='lat' dir='ltr'><strong>infra</strong></span> <span class='ocrx_word' id='word_1_97' title='bbox 263 1191 380 1251; x_wconf 91' lang='lat' dir='ltr'><strong>demum</strong></span> <span class='ocrx_word' id='word_1_98' title='bbox 411 1199 560 1272; x_wconf 82' lang='lat' dir='ltr'><strong>narratur,</strong></span> <span class='ocrx_word' id='word_1_99' title='bbox 593 1198 622 1252; x_wconf 90' lang='lat' dir='ltr'>et</span> <span class='ocrx_word' id='word_1_100' title='bbox 654 1209 756 1251; x_wconf 89' lang='lat' dir='ltr'><strong>eornm</strong></span> <span class='ocrx_word' id='word_1_101' title='bbox 789 1209 862 1268; x_wconf 87' lang='lat' dir='ltr'><strong>quae</strong></span> <span class='ocrx_word' id='word_1_102' title='bbox 893 1190 942 1250; x_wconf 90' lang='lat' dir='ltr'>hic</span> <span class='ocrx_word' id='word_1_103' title='bbox 973 1190 1046 1251; x_wconf 89' lang='lat' dir='ltr'><strong>dicit</strong></span> <span class='ocrx_word' id='word_1_104' title='bbox 1072 1196 1160 1269; x_wconf 87' lang='lat' dir='ltr'><strong>poeta</strong></span> 
     </span>
     <span class='ocr_line' id='line_1_13' title="bbox 153 1276 1160 1359; baseline -0.004 -18"><span class='ocrx_word' id='word_1_105' title='bbox 153 1279 317 1341; x_wconf 82' lang='lat' dir='ltr'><strong>saeclorum</strong></span> <span class='ocrx_word' id='word_1_106' title='bbox 332 1276 491 1359; x_wconf 67' lang='grc'>5555555555</span> <span class='ocrx_word' id='word_1_107' title='bbox 513 1279 647 1340; x_wconf 88' lang='lat' dir='ltr'><strong>volucres</strong></span> <span class='ocrx_word' id='word_1_108' title='bbox 675 1286 756 1339; x_wconf 89' lang='lat' dir='ltr'><strong>ortae</strong></span> <span class='ocrx_word' id='word_1_109' title='bbox 779 1279 925 1340; x_wconf 75' lang='lat' dir='ltr'><strong>diduntur.</strong></span> <span class='ocrx_word' id='word_1_110' title='bbox 966 1279 1061 1338; x_wconf 88' lang='lat' dir='ltr'><strong>sensit</strong></span> <span class='ocrx_word' id='word_1_111' title='bbox 1083 1277 1160 1338; x_wconf 85' lang='lat' dir='ltr'><strong>diffi-</strong></span> 
     </span>
     <span class='ocr_line' id='line_1_14' title="bbox 154 1362 1159 1449; baseline -0.002 -20"><span class='ocrx_word' id='word_1_112' title='bbox 154 1368 292 1429; x_wconf 83' lang='lat' dir='ltr'><strong>cultatem</strong></span> <span class='ocrx_word' id='word_1_113' title='bbox 309 1367 522 1449; x_wconf 88' lang='lat' dir='ltr'><strong>Lachmannus,</strong></span> <span class='ocrx_word' id='word_1_114' title='bbox 542 1367 593 1427; x_wconf 92' lang='lat' dir='ltr'>sed</span> <span class='ocrx_word' id='word_1_115' title='bbox 612 1366 685 1427; x_wconf 91' lang='lat' dir='ltr'><strong>nihil</strong></span> <span class='ocrx_word' id='word_1_116' title='bbox 703 1367 837 1447; x_wconf 82' lang='lat' dir='ltr'><strong>profecit,</strong></span> <span class='ocrx_word' id='word_1_117' title='bbox 860 1385 928 1427; x_wconf 88' lang='lat' dir='ltr'>cum</span> <span class='ocrx_word' id='word_1_118' title='bbox 950 1383 1069 1426; x_wconf 88' lang='lat' dir='ltr'><strong>versum</strong></span> <span class='ocrx_word' id='word_1_119' title='bbox 1094 1362 1159 1427; x_wconf 88' lang='grc'>792</span> 
     </span>
     <span class='ocr_line' id='line_1_15' title="bbox 153 1449 1162 1538; baseline -0.001 -21"><span class='ocrx_word' id='word_1_120' title='bbox 153 1458 219 1518; x_wconf 82' lang='grc'>7555</span> <span class='ocrx_word' id='word_1_121' title='bbox 237 1452 292 1517; x_wconf 73' lang='lat' dir='ltr'>tut</span> <span class='ocrx_word' id='word_1_122' title='bbox 310 1457 393 1517; x_wconf 78' lang='grc'>7555</span> <span class='ocrx_word' id='word_1_123' title='bbox 409 1453 493 1517; x_wconf 78' lang='lat' dir='ltr'><strong>dedit</strong></span> <span class='ocrx_word' id='word_1_124' title='bbox 497 1451 621 1535; x_wconf 76' lang='lat' dir='ltr'><strong>possim</strong></span> <span class='ocrx_word' id='word_1_125' title='bbox 639 1449 793 1538; x_wconf 72' lang='grc'>(55755555</span> <span class='ocrx_word' id='word_1_126' title='bbox 807 1449 880 1538; x_wconf 85' lang='lat' dir='ltr'><strong>OQ.)</strong></span> <span class='ocrx_word' id='word_1_127' title='bbox 898 1450 1044 1516; x_wconf 69' lang='lat' dir='ltr'><strong>montio</strong></span> <span class='ocrx_word' id='word_1_128' title='bbox 1059 1449 1162 1516; x_wconf 71' lang='lat' dir='ltr'><strong>sceda</strong></span> 
     </span>
     <span class='ocr_line' id='line_1_16' title="bbox 155 1541 1162 1622; baseline 0.001 -18"><span class='ocrx_word' id='word_1_129' title='bbox 155 1543 288 1604; x_wconf 88' lang='lat' dir='ltr'><strong>scribens</strong></span> <span class='ocrx_word' id='word_1_130' title='bbox 312 1546 451 1622; x_wconf 88' lang='lat' dir='ltr'><strong>corrupit.</strong></span> <span class='ocrx_word' id='word_1_131' title='bbox 474 1576 517 1586; x_wconf 90' lang='lat'>-</span> <span class='ocrx_word' id='word_1_132' title='bbox 542 1541 604 1605; x_wconf 86' lang='grc'>796</span> <span class='ocrx_word' id='word_1_133' title='bbox 620 1561 662 1622; x_wconf 89' lang='lat' dir='ltr'><strong>sq.</strong></span> <span class='ocrx_word' id='word_1_134' title='bbox 694 1545 785 1605; x_wconf 76' lang='lat' dir='ltr'><strong>oetas</strong></span> <span class='ocrx_word' id='word_1_135' title='bbox 807 1541 966 1622; x_wconf 70' lang='lat' dir='ltr'><strong>infantium</strong></span> <span class='ocrx_word' id='word_1_136' title='bbox 982 1541 1028 1602; x_wconf 91' lang='lat' dir='ltr'><strong>B.:</strong></span> <span class='ocrx_word' id='word_1_137' title='bbox 1059 1545 1162 1605; x_wconf 76' lang='lat' dir='ltr'><strong>aestas</strong></span> 
     </span>
     <span class='ocr_line' id='line_1_17' title="bbox 154 1625 1161 1715; baseline -0.001 -23"><span class='ocrx_word' id='word_1_138' title='bbox 154 1632 213 1702; x_wconf 79' lang='lat'><strong>00.</strong></span> <span class='ocrx_word' id='word_1_139' title='bbox 237 1633 337 1692; x_wconf 81' lang='lat' dir='ltr'><strong>aestus</strong></span> <span class='ocrx_word' id='word_1_140' title='bbox 359 1630 421 1691; x_wconf 92' lang='lat' dir='ltr'>Lm.</span> <span class='ocrx_word' id='word_1_141' title='bbox 439 1631 492 1691; x_wconf 89' lang='lat' dir='ltr'><strong>Mr.</strong></span> <span class='ocrx_word' id='word_1_142' title='bbox 512 1665 554 1674; x_wconf 90' lang='lat'>—-</span> <span class='ocrx_word' id='word_1_143' title='bbox 573 1630 637 1694; x_wconf 90' lang='grc'>823</span> <span class='ocrx_word' id='word_1_144' title='bbox 661 1629 742 1710; x_wconf 81' lang='grc'>55557</span> <span class='ocrx_word' id='word_1_145' title='bbox 762 1631 923 1694; x_wconf 71' lang='lat' dir='ltr'><strong>tutetur</strong></span> <span class='ocrx_word' id='word_1_146' title='bbox 946 1625 1064 1714; x_wconf 73' lang='lat' dir='ltr'><strong>(potuit</strong></span> <span class='ocrx_word' id='word_1_147' title='bbox 1085 1625 1161 1715; x_wconf 85' lang='lat' dir='ltr'><strong>OQ.)</strong></span> 
     </span>
     <span class='ocr_line' id='line_1_18' title="bbox 153 1715 1162 1801; baseline -0.001 -20"><span class='ocrx_word' id='word_1_148' title='bbox 153 1721 283 1800; x_wconf 77' lang='lat' dir='ltr'><strong>nequeat</strong></span> <span class='ocrx_word' id='word_1_149' title='bbox 306 1719 399 1780; x_wconf 86' lang='lat' dir='ltr'><strong>Bentl.</strong></span> <span class='ocrx_word' id='word_1_150' title='bbox 428 1723 558 1801; x_wconf 82' lang='lat' dir='ltr'><strong>egregie,</strong></span> <span class='ocrx_word' id='word_1_151' title='bbox 579 1718 681 1798; x_wconf 76' lang='lat' dir='ltr'><strong>possit</strong></span> <span class='ocrx_word' id='word_1_152' title='bbox 706 1718 786 1799; x_wconf 81' lang='grc'>5555</span> <span class='ocrx_word' id='word_1_153' title='bbox 810 1736 873 1782; x_wconf 90' lang='grc'>555</span> <span class='ocrx_word' id='word_1_154' title='bbox 899 1715 970 1781; x_wconf 80' lang='lat' dir='ltr'><strong>tulit</strong></span> <span class='ocrx_word' id='word_1_155' title='bbox 994 1721 1066 1781; x_wconf 81' lang='grc'>5575</span> <span class='ocrx_word' id='word_1_156' title='bbox 1088 1718 1162 1790; x_wconf 70' lang='lat' dir='ltr'>OQ:</span> 
     </span>
     <span class='ocr_line' id='line_1_19' title="bbox 154 1805 1162 1889; baseline -0.002 -19"><span class='ocrx_word' id='word_1_157' title='bbox 154 1807 236 1889; x_wconf 79' lang='grc'>55557</span> <span class='ocrx_word' id='word_1_158' title='bbox 249 1810 322 1888; x_wconf 74' lang='lat' dir='ltr'><strong>pote</strong></span> <span class='ocrx_word' id='word_1_159' title='bbox 342 1805 390 1868; x_wconf 79' lang='lat' dir='ltr'>uti</span> <span class='ocrx_word' id='word_1_160' title='bbox 409 1855 414 1867; x_wconf 94' lang='lat'><strong>.</strong></span> <span class='ocrx_word' id='word_1_161' title='bbox 431 1855 459 1868; x_wconf 92' lang='lat'>..</span> <span class='ocrx_word' id='word_1_162' title='bbox 482 1807 558 1889; x_wconf 90' lang='lat' dir='ltr'>Lm,</span> <span class='ocrx_word' id='word_1_163' title='bbox 585 1810 670 1887; x_wconf 88' lang='lat' dir='ltr'><strong>quasi</strong></span> <span class='ocrx_word' id='word_1_164' title='bbox 692 1807 748 1868; x_wconf 94' lang='lat' dir='ltr'>hoc</span> <span class='ocrx_word' id='word_1_165' title='bbox 765 1809 836 1887; x_wconf 76' lang='lat' dir='ltr'><strong>pote</strong></span> <span class='ocrx_word' id='word_1_166' title='bbox 857 1826 911 1887; x_wconf 93' lang='lat' dir='ltr'>pro</span> <span class='ocrx_word' id='word_1_167' title='bbox 938 1807 1070 1887; x_wconf 82' lang='lat' dir='ltr'><strong>perfecto</strong></span> <span class='ocrx_word' id='word_1_168' title='bbox 1093 1826 1162 1868; x_wconf 88' lang='lat' dir='ltr'><strong>esse</strong></span> 
     </span>
     <span class='ocr_line' id='line_1_20' title="bbox 154 1893 1164 1977; baseline 0.001 -20"><span class='ocrx_word' id='word_1_169' title='bbox 154 1899 257 1977; x_wconf 89' lang='lat' dir='ltr'><strong>possit.</strong></span> <span class='ocrx_word' id='word_1_170' title='bbox 290 1895 346 1956; x_wconf 88' lang='lat' dir='ltr'><strong>alia</strong></span> <span class='ocrx_word' id='word_1_171' title='bbox 375 1897 410 1956; x_wconf 82' lang='lat' dir='ltr'><strong>ct.</strong></span> <span class='ocrx_word' id='word_1_172' title='bbox 441 1915 485 1975; x_wconf 88' lang='lat' dir='ltr'><strong>ap.</strong></span> <span class='ocrx_word' id='word_1_173' title='bbox 512 1896 583 1956; x_wconf 89' lang='lat' dir='ltr'><strong>Poll.</strong></span> <span class='ocrx_word' id='word_1_174' title='bbox 615 1914 680 1957; x_wconf 88' lang='lat' dir='ltr'><strong>ann.</strong></span> <span class='ocrx_word' id='word_1_175' title='bbox 712 1894 828 1956; x_wconf 89' lang='lat' dir='ltr'><strong>Lucret.</strong></span> <span class='ocrx_word' id='word_1_176' title='bbox 857 1893 939 1974; x_wconf 78' lang='lat' dir='ltr'><strong>quod</strong></span> <span class='ocrx_word' id='word_1_177' title='bbox 962 1893 1078 1974; x_wconf 78' lang='lat' dir='ltr'><strong>potuit,</strong></span> <span class='ocrx_word' id='word_1_178' title='bbox 1110 1913 1164 1958; x_wconf 81' lang='grc'>55-</span> 
     </span>
     <span class='ocr_line' id='line_1_21' title="bbox 154 1982 1162 2065; baseline -0.002 -19"><span class='ocrx_word' id='word_1_179' title='bbox 154 1982 228 2063; x_wconf 83' lang='grc'>5557,</span> <span class='ocrx_word' id='word_1_180' title='bbox 247 1987 282 2045; x_wconf 82' lang='lat' dir='ltr'>ut</span> <span class='ocrx_word' id='word_1_181' title='bbox 292 1982 399 2063; x_wconf 77' lang='lat' dir='ltr'><strong>posset,</strong></span> <span class='ocrx_word' id='word_1_182' title='bbox 419 1985 496 2063; x_wconf 90' lang='lat' dir='ltr'><strong>quod</strong></span> <span class='ocrx_word' id='word_1_183' title='bbox 515 1983 592 2045; x_wconf 88' lang='lat' dir='ltr'><strong>haud</strong></span> <span class='ocrx_word' id='word_1_184' title='bbox 612 1987 673 2044; x_wconf 90' lang='lat' dir='ltr'><strong>scio</strong></span> <span class='ocrx_word' id='word_1_185' title='bbox 692 2003 729 2044; x_wconf 86' lang='lat' dir='ltr'>an</span> <span class='ocrx_word' id='word_1_186' title='bbox 752 1984 874 2044; x_wconf 90' lang='lat' dir='ltr'><strong>latinum</strong></span> <span class='ocrx_word' id='word_1_187' title='bbox 896 2003 956 2044; x_wconf 91' lang='lat' dir='ltr'>non</span> <span class='ocrx_word' id='word_1_188' title='bbox 979 1986 1028 2065; x_wconf 91' lang='lat' dir='ltr'><strong>sit,</strong></span> <span class='ocrx_word' id='word_1_189' title='bbox 1044 1983 1098 2044; x_wconf 80' lang='lat' dir='ltr'><strong>Mn.</strong></span> <span class='ocrx_word' id='word_1_190' title='bbox 1119 2018 1162 2027; x_wconf 93' lang='lat'>—</span> 
     </span>
     <span class='ocr_line' id='line_1_22' title="bbox 156 2065 1165 2154; baseline 0.001 -20"><span class='ocrx_word' id='word_1_191' title='bbox 156 2071 219 2135; x_wconf 89' lang='grc'>826</span> <span class='ocrx_word' id='word_1_192' title='bbox 241 2071 486 2152; x_wconf 60' lang='lat' dir='ltr'><strong>andrenacum,</strong></span> <span class='ocrx_word' id='word_1_193' title='bbox 508 2065 763 2154; x_wconf 62' lang='grc'>5575555555</span> <span class='ocrx_word' id='word_1_194' title='bbox 784 2089 838 2133; x_wconf 81' lang='grc'>555</span> <span class='ocrx_word' id='word_1_195' title='bbox 859 2073 976 2148; x_wconf 79' lang='grc'>55555,</span> <span class='ocrx_word' id='word_1_196' title='bbox 1003 2072 1165 2151; x_wconf 80' lang='grc'>55555555</span> 
     </span>
     <span class='ocr_line' id='line_1_23' title="bbox 153 2159 1165 2240; baseline -0.002 -17"><span class='ocrx_word' id='word_1_197' title='bbox 153 2163 314 2237; x_wconf 78' lang='lat' dir='ltr'><strong>remotum,</strong></span> <span class='ocrx_word' id='word_1_198' title='bbox 343 2180 378 2220; x_wconf 83' lang='lat' dir='ltr'>ex</span> <span class='ocrx_word' id='word_1_199' title='bbox 407 2180 442 2221; x_wconf 94' lang='grc'>55</span> <span class='ocrx_word' id='word_1_200' title='bbox 470 2161 547 2240; x_wconf 90' lang='lat' dir='ltr'><strong>quod</strong></span> <span class='ocrx_word' id='word_1_201' title='bbox 578 2168 641 2221; x_wconf 87' lang='lat' dir='ltr'><strong>erat</strong></span> <span class='ocrx_word' id='word_1_202' title='bbox 666 2159 885 2239; x_wconf 77' lang='grc'>5555555555,</span> <span class='ocrx_word' id='word_1_203' title='bbox 911 2159 991 2222; x_wconf 80' lang='lat' dir='ltr'><strong>iuter</strong></span> <span class='ocrx_word' id='word_1_204' title='bbox 1017 2161 1165 2240; x_wconf 78' lang='grc'>57555555</span> 
     </span>
     <span class='ocr_line' id='line_1_24' title="bbox 155 2242 1164 2334; baseline -0.002 -22"><span class='ocrx_word' id='word_1_205' title='bbox 155 2244 250 2334; x_wconf 77' lang='lat' dir='ltr'><strong>(iuter</strong></span> <span class='ocrx_word' id='word_1_206' title='bbox 277 2242 419 2332; x_wconf 78' lang='grc'>555555)</span> <span class='ocrx_word' id='word_1_207' title='bbox 446 2266 501 2311; x_wconf 86' lang='grc'>555</span> <span class='ocrx_word' id='word_1_208' title='bbox 525 2251 686 2326; x_wconf 82' lang='grc'>55555555</span> <span class='ocrx_word' id='word_1_209' title='bbox 712 2251 873 2327; x_wconf 81' lang='grc'>55555555</span> <span class='ocrx_word' id='word_1_210' title='bbox 898 2249 1047 2310; x_wconf 75' lang='lat' dir='ltr'><strong>remotum</strong></span> <span class='ocrx_word' id='word_1_211' title='bbox 1069 2248 1164 2310; x_wconf 87' lang='lat' dir='ltr'><strong>Lach-</strong></span> 
     </span>
     <span class='ocr_line' id='line_1_25' title="bbox 154 2333 1164 2417; baseline 0.001 -20"><span class='ocrx_word' id='word_1_212' title='bbox 154 2357 281 2399; x_wconf 88' lang='lat' dir='ltr'><strong>mannus</strong></span> <span class='ocrx_word' id='word_1_213' title='bbox 304 2338 410 2417; x_wconf 87' lang='lat' dir='ltr'><strong>effecit,</strong></span> <span class='ocrx_word' id='word_1_214' title='bbox 429 2337 627 2415; x_wconf 88' lang='lat' dir='ltr'><strong>pulcherrima</strong></span> <span class='ocrx_word' id='word_1_215' title='bbox 650 2337 862 2417; x_wconf 84' lang='lat' dir='ltr'><strong>emendatione,</strong></span> <span class='ocrx_word' id='word_1_216' title='bbox 885 2339 944 2397; x_wconf 91' lang='lat' dir='ltr'><strong>nisi</strong></span> <span class='ocrx_word' id='word_1_217' title='bbox 966 2336 1045 2415; x_wconf 87' lang='lat' dir='ltr'><strong>quod</strong></span> <span class='ocrx_word' id='word_1_218' title='bbox 1067 2333 1164 2398; x_wconf 75' lang='lat' dir='ltr'><strong>toter-</strong></span> 
     </span>
     <span class='ocr_line' id='line_1_26' title="bbox 153 2384 1164 2504; baseline 0.001 -18"><span class='ocrx_word' id='word_1_219' title='bbox 153 2429 299 2504; x_wconf 75' lang='lat' dir='ltr'>utrasque</span> <span class='ocrx_word' id='word_1_220' title='bbox 322 2425 510 2504; x_wconf 61' lang='grc'>5555551557</span> <span class='ocrx_word' id='word_1_221' title='bbox 535 2384 1164 2504; x_wconf 64' lang='lat' dir='ltr'><strong>ao1.V1518.-’838sq...9eoa</strong></span> 
     </span>
     <span class='ocr_line' id='line_1_27' title="bbox 155 2509 1166 2616; baseline 0.001 -42"><span class='ocrx_word' id='word_1_222' title='bbox 155 2510 254 2574; x_wconf 79' lang='lat' dir='ltr'><strong>totio.</strong></span> <span class='ocrx_word' id='word_1_223' title='bbox 270 2529 375 2590; x_wconf 75' lang='lat' dir='ltr'><strong>..per</strong></span> <span class='ocrx_word' id='word_1_224' title='bbox 391 2513 478 2573; x_wconf 77' lang='grc'>55755</span> <span class='ocrx_word' id='word_1_225' title='bbox 499 2510 620 2573; x_wconf 79' lang='lat' dir='ltr'><strong>semion</strong></span> <span class='ocrx_word' id='word_1_226' title='bbox 641 2530 710 2616; x_wconf 86' lang='grc'>555</span> <span class='ocrx_word' id='word_1_227' title='bbox 725 2510 850 2591; x_wconf 74' lang='lat' dir='ltr'><strong>possiet</strong></span> <span class='ocrx_word' id='word_1_228' title='bbox 866 2509 1010 2574; x_wconf 56' lang='lat' dir='ltr'><strong>membru</strong></span> <span class='ocrx_word' id='word_1_229' title='bbox 1031 2529 1166 2576; x_wconf 80' lang='grc'>5555555</span> 
     </span>
     <span class='ocr_line' id='line_1_28' title="bbox 154 2599 1167 2704; baseline 0.002 -42"><span class='ocrx_word' id='word_1_230' title='bbox 154 2599 291 2662; x_wconf 78' lang='lat' dir='ltr'><strong>remissa</strong></span> <span class='ocrx_word' id='word_1_231' title='bbox 321 2600 384 2659; x_wconf 91' lang='lat' dir='ltr'>Lm.</span> <span class='ocrx_word' id='word_1_232' title='bbox 412 2599 457 2659; x_wconf 91' lang='lat' dir='ltr'><strong>B.:</strong></span> <span class='ocrx_word' id='word_1_233' title='bbox 486 2618 548 2678; x_wconf 87' lang='grc'>555</span> <span class='ocrx_word' id='word_1_234' title='bbox 576 2599 634 2671; x_wconf 79' lang='lat'>00</span> <span class='ocrx_word' id='word_1_235' title='bbox 666 2604 844 2704; x_wconf 86' lang='lat' dir='ltr'><strong>impressum</strong></span> <span class='ocrx_word' id='word_1_236' title='bbox 875 2601 967 2683; x_wconf 89' lang='lat' dir='ltr'><strong>volui,</strong></span> <span class='ocrx_word' id='word_1_237' title='bbox 998 2619 1059 2661; x_wconf 90' lang='grc'>555</span> <span class='ocrx_word' id='word_1_238' title='bbox 1085 2617 1167 2680; x_wconf 74' lang='lat' dir='ltr'>quoe</span> 
     </span>
     <span class='ocr_line' id='line_1_29' title="bbox 158 2686 1167 2770; baseline 0.002 -22"><span class='ocrx_word' id='word_1_239' title='bbox 158 2689 236 2768; x_wconf 92' lang='lat' dir='ltr'><strong>quod</strong></span> <span class='ocrx_word' id='word_1_240' title='bbox 258 2686 456 2747; x_wconf 88' lang='lat' dir='ltr'><strong>Wakefieldus</strong></span> <span class='ocrx_word' id='word_1_241' title='bbox 479 2691 606 2767; x_wconf 84' lang='lat' dir='ltr'><strong>scrIpsit.</strong></span> <span class='ocrx_word' id='word_1_242' title='bbox 650 2688 756 2768; x_wconf 88' lang='lat' dir='ltr'><strong>pabula</strong></span> <span class='ocrx_word' id='word_1_243' title='bbox 783 2692 862 2750; x_wconf 87' lang='lat' dir='ltr'><strong>enim</strong></span> <span class='ocrx_word' id='word_1_244' title='bbox 890 2707 954 2750; x_wconf 90' lang='lat' dir='ltr'><strong>esse</strong></span> <span class='ocrx_word' id='word_1_245' title='bbox 982 2688 1104 2770; x_wconf 87' lang='lat' dir='ltr'><strong>debent,</strong></span> <span class='ocrx_word' id='word_1_246' title='bbox 1131 2697 1167 2751; x_wconf 90' lang='lat' dir='ltr'>ut</span> 
     </span>
     <span class='ocr_line' id='line_1_30' title="bbox 156 2775 1166 2859; baseline 0.001 -21"><span class='ocrx_word' id='word_1_247' title='bbox 156 2782 349 2838; x_wconf 79' lang='lat' dir='ltr'><strong>concrescant</strong></span> <span class='ocrx_word' id='word_1_248' title='bbox 381 2778 493 2836; x_wconf 86' lang='lat' dir='ltr'><strong>semina</strong></span> <span class='ocrx_word' id='word_1_249' title='bbox 525 2776 679 2858; x_wconf 81' lang='lat' dir='ltr'><strong>membrIs,</strong></span> <span class='ocrx_word' id='word_1_250' title='bbox 711 2778 746 2838; x_wconf 83' lang='lat' dir='ltr'><strong>cf.</strong></span> <span class='ocrx_word' id='word_1_251' title='bbox 774 2776 811 2836; x_wconf 95' lang='lat' dir='ltr'>IV</span> <span class='ocrx_word' id='word_1_252' title='bbox 839 2775 923 2840; x_wconf 88' lang='grc'>1236</span> <span class='ocrx_word' id='word_1_253' title='bbox 952 2795 1029 2859; x_wconf 76' lang='grc'>555,</span> <span class='ocrx_word' id='word_1_254' title='bbox 1056 2778 1166 2839; x_wconf 87' lang='lat' dir='ltr'><strong>deiude</strong></span> 
     </span>
     <span class='ocr_line' id='line_1_31' title="bbox 156 2864 1166 2946; baseline 0.003 -22"><span class='ocrx_word' id='word_1_255' title='bbox 156 2885 232 2944; x_wconf 92' lang='lat' dir='ltr'><strong>opus</strong></span> <span class='ocrx_word' id='word_1_256' title='bbox 264 2873 309 2925; x_wconf 90' lang='lat' dir='ltr'>est</span> <span class='ocrx_word' id='word_1_257' title='bbox 340 2864 547 2946; x_wconf 84' lang='lat' dir='ltr'><strong>foraminibus,</strong></span> <span class='ocrx_word' id='word_1_258' title='bbox 580 2865 687 2944; x_wconf 91' lang='lat' dir='ltr'><strong>quibus</strong></span> <span class='ocrx_word' id='word_1_259' title='bbox 720 2883 757 2927; x_wconf 82' lang='lat' dir='ltr'>cx</span> <span class='ocrx_word' id='word_1_260' title='bbox 789 2884 912 2944; x_wconf 90' lang='lat' dir='ltr'><strong>corpore</strong></span> <span class='ocrx_word' id='word_1_261' title='bbox 949 2867 1061 2927; x_wconf 89' lang='lat' dir='ltr'><strong>remitti</strong></span> <span class='ocrx_word' id='word_1_262' title='bbox 1096 2885 1166 2946; x_wconf 90' lang='lat' dir='ltr'><strong>pos-</strong></span> 
     </span>
     <span class='ocr_line' id='line_1_32' title="bbox 158 2950 1167 3017; baseline 0.005 -5"><span class='ocrx_word' id='word_1_263' title='bbox 158 2956 226 3013; x_wconf 86' lang='lat' dir='ltr'><strong>sint.</strong></span> <span class='ocrx_word' id='word_1_264' title='bbox 272 2952 432 3013; x_wconf 90' lang='lat' dir='ltr'><strong>absurdum</strong></span> <span class='ocrx_word' id='word_1_265' title='bbox 459 2955 538 3013; x_wconf 89' lang='lat' dir='ltr'><strong>enim</strong></span> <span class='ocrx_word' id='word_1_266' title='bbox 565 2960 611 3014; x_wconf 87' lang='lat' dir='ltr'>est</span> <span class='ocrx_word' id='word_1_267' title='bbox 637 2953 709 3015; x_wconf 92' lang='lat' dir='ltr'><strong>illud</strong></span> <span class='ocrx_word' id='word_1_268' title='bbox 736 2950 880 3016; x_wconf 75' lang='grc'>55555553</span> <span class='ocrx_word' id='word_1_269' title='bbox 906 2970 1036 3017; x_wconf 73' lang='lat' dir='ltr'><strong>morem</strong></span> <span class='ocrx_word' id='word_1_270' title='bbox 1056 2952 1167 3017; x_wconf 74' lang='lat' dir='ltr'><strong>remis-</strong></span> 
     </span>
     <span class='ocr_line' id='line_1_33' title="bbox 156 3038 1166 3122; baseline 0 -19"><span class='ocrx_word' id='word_1_271' title='bbox 156 3038 201 3103; x_wconf 75' lang='lat' dir='ltr'>sis</span> <span class='ocrx_word' id='word_1_272' title='bbox 233 3040 380 3122; x_wconf 92' lang='lat' dir='ltr'><strong>codicum,</strong></span> <span class='ocrx_word' id='word_1_273' title='bbox 417 3041 496 3120; x_wconf 88' lang='lat' dir='ltr'><strong>quod</strong></span> <span class='ocrx_word' id='word_1_274' title='bbox 527 3040 579 3101; x_wconf 91' lang='lat' dir='ltr'><strong>Mr.</strong></span> <span class='ocrx_word' id='word_1_275' title='bbox 611 3041 752 3120; x_wconf 86' lang='lat' dir='ltr'><strong>probavit.</strong></span> <span class='ocrx_word' id='word_1_276' title='bbox 801 3039 1019 3122; x_wconf 72' lang='grc'>11841-864</span> <span class='ocrx_word' id='word_1_277' title='bbox 1044 3040 1056 3121; x_wconf 76' lang='grc' dir='ltr'>ΙΙ</span> <span class='ocrx_word' id='word_1_278' title='bbox 1081 3042 1166 3104; x_wconf 89' lang='lat' dir='ltr'><strong>Bkm.</strong></span> 
     </span>
     <span class='ocr_line' id='line_1_34' title="bbox 158 3125 1167 3193; baseline 0.002 -3"><span class='ocrx_word' id='word_1_279' title='bbox 158 3147 226 3190; x_wconf 91' lang='lat' dir='ltr'>nam</span> <span class='ocrx_word' id='word_1_280' title='bbox 244 3147 382 3189; x_wconf 86' lang='lat' dir='ltr'><strong>versuum</strong></span> <span class='ocrx_word' id='word_1_281' title='bbox 402 3125 575 3192; x_wconf 85' lang='grc'>824-841</span> <span class='ocrx_word' id='word_1_282' title='bbox 602 3137 632 3188; x_wconf 87' lang='lat' dir='ltr'>et</span> <span class='ocrx_word' id='word_1_283' title='bbox 650 3126 823 3192; x_wconf 86' lang='grc'>865-911</span> <span class='ocrx_word' id='word_1_284' title='bbox 849 3133 1012 3191; x_wconf 87' lang='lat' dir='ltr'><strong>sententiae</strong></span> <span class='ocrx_word' id='word_1_285' title='bbox 1034 3134 1113 3193; x_wconf 89' lang='lat' dir='ltr'><strong>inter</strong></span> <span class='ocrx_word' id='word_1_286' title='bbox 1134 3150 1167 3192; x_wconf 89' lang='lat' dir='ltr'>se</span> 
     </span>
     <span class='ocr_line' id='line_1_35' title="bbox 158 3219 1168 3297; baseline 0.004 -21"><span class='ocrx_word' id='word_1_287' title='bbox 158 3219 310 3297; x_wconf 88' lang='lat' dir='ltr'><strong>oppositae</strong></span> <span class='ocrx_word' id='word_1_288' title='bbox 327 3224 408 3276; x_wconf 89' lang='lat' dir='ltr'><strong>sunt:</strong></span> <span class='ocrx_word' id='word_1_289' title='bbox 426 3224 562 3297; x_wconf 87' lang='lat' dir='ltr'><strong>portenta</strong></span> <span class='ocrx_word' id='word_1_290' title='bbox 576 3220 686 3277; x_wconf 87' lang='lat' dir='ltr'><strong>creavit</strong></span> <span class='ocrx_word' id='word_1_291' title='bbox 699 3226 816 3279; x_wconf 87' lang='lat' dir='ltr'><strong>natura:</strong></span> <span class='ocrx_word' id='word_1_292' title='bbox 837 3225 992 3280; x_wconf 90' lang='lat' dir='ltr'><strong>centauros</strong></span> <span class='ocrx_word' id='word_1_293' title='bbox 1007 3237 1066 3279; x_wconf 94' lang='lat' dir='ltr'>non</span> <span class='ocrx_word' id='word_1_294' title='bbox 1085 3238 1168 3280; x_wconf 86' lang='lat' dir='ltr'><strong>crea-</strong></span> 
     </span>
     <span class='ocr_line' id='line_1_36' title="bbox 157 3300 1170 3386; baseline 0.005 -21"><span class='ocrx_word' id='word_1_295' title='bbox 157 3309 207 3365; x_wconf 85' lang='lat' dir='ltr'><strong>vit.</strong></span> <span class='ocrx_word' id='word_1_296' title='bbox 230 3338 271 3348; x_wconf 95' lang='lat'>—</span> <span class='ocrx_word' id='word_1_297' title='bbox 291 3303 354 3367; x_wconf 89' lang='grc'>867</span> <span class='ocrx_word' id='word_1_298' title='bbox 366 3324 408 3384; x_wconf 90' lang='lat' dir='ltr'><strong>sq.</strong></span> <span class='ocrx_word' id='word_1_299' title='bbox 421 3306 557 3384; x_wconf 78' lang='lat' dir='ltr'><strong>potestas</strong></span> <span class='ocrx_word' id='word_1_300' title='bbox 569 3300 641 3365; x_wconf 84' lang='grc'>75555</span> <span class='ocrx_word' id='word_1_301' title='bbox 653 3302 741 3368; x_wconf 79' lang='lat' dir='ltr'><strong>illinc</strong></span> <span class='ocrx_word' id='word_1_302' title='bbox 748 3308 885 3384; x_wconf 75' lang='grc'>5555555</span> <span class='ocrx_word' id='word_1_303' title='bbox 901 3310 938 3369; x_wconf 84' lang='lat' dir='ltr'>ut</span> <span class='ocrx_word' id='word_1_304' title='bbox 948 3325 1011 3369; x_wconf 91' lang='grc'>555</span> <span class='ocrx_word' id='word_1_305' title='bbox 1022 3325 1089 3386; x_wconf 76' lang='lat' dir='ltr'>por</span> <span class='ocrx_word' id='word_1_306' title='bbox 1105 3324 1170 3370; x_wconf 83' lang='lat' dir='ltr'><strong>csse</strong></span> 
     </span>
     <span class='ocr_line' id='line_1_37' title="bbox 153 3391 1171 3474; baseline 0.005 -20"><span class='ocrx_word' id='word_1_307' title='bbox 153 3391 292 3474; x_wconf 75' lang='lat' dir='ltr'><strong>potissit:</strong></span> <span class='ocrx_word' id='word_1_308' title='bbox 306 3412 370 3472; x_wconf 80' lang='lat' dir='ltr'>por</span> <span class='ocrx_word' id='word_1_309' title='bbox 386 3391 434 3454; x_wconf 79' lang='grc'>555</span> <span class='ocrx_word' id='word_1_310' title='bbox 450 3396 486 3455; x_wconf 83' lang='grc'>57</span> <span class='ocrx_word' id='word_1_311' title='bbox 502 3411 564 3454; x_wconf 91' lang='grc'>555</span> <span class='ocrx_word' id='word_1_312' title='bbox 581 3391 624 3454; x_wconf 78' lang='lat' dir='ltr'>sit</span> <span class='ocrx_word' id='word_1_313' title='bbox 635 3409 714 3470; x_wconf 75' lang='grc'>5555</span> <span class='ocrx_word' id='word_1_314' title='bbox 727 3408 789 3454; x_wconf 83' lang='lat' dir='ltr'><strong>esse</strong></span> <span class='ocrx_word' id='word_1_315' title='bbox 800 3395 832 3455; x_wconf 90' lang='lat'><strong>0.</strong></span> <span class='ocrx_word' id='word_1_316' title='bbox 848 3443 855 3455; x_wconf 95' lang='lat'><strong>.</strong></span> <span class='ocrx_word' id='word_1_317' title='bbox 871 3443 877 3455; x_wconf 92' lang='lat'><strong>.</strong></span> <span class='ocrx_word' id='word_1_318' title='bbox 893 3393 1038 3474; x_wconf 76' lang='grc'>,555555</span> <span class='ocrx_word' id='word_1_319' title='bbox 1054 3398 1092 3458; x_wconf 80' lang='lat' dir='ltr'>ut</span> <span class='ocrx_word' id='word_1_320' title='bbox 1105 3413 1171 3458; x_wconf 90' lang='grc'>555</span> 
     </span>
     <span class='ocr_line' id='line_1_38' title="bbox 152 3477 1172 3566; baseline 0.008 -25"><span class='ocrx_word' id='word_1_321' title='bbox 152 3483 301 3558; x_wconf 70' lang='lat' dir='ltr'><strong>ratpero</strong></span> <span class='ocrx_word' id='word_1_322' title='bbox 320 3479 351 3551; x_wconf 79' lang='lat' dir='ltr'><strong>Q.</strong></span> <span class='ocrx_word' id='word_1_323' title='bbox 361 3478 470 3559; x_wconf 72' lang='grc'>5555755</span> <span class='ocrx_word' id='word_1_324' title='bbox 486 3482 523 3542; x_wconf 82' lang='lat' dir='ltr'>ut</span> <span class='ocrx_word' id='word_1_325' title='bbox 538 3477 567 3542; x_wconf 84' lang='lat' dir='ltr'>si</span> <span class='ocrx_word' id='word_1_326' title='bbox 578 3497 644 3560; x_wconf 76' lang='grc'>555</span> <span class='ocrx_word' id='word_1_327' title='bbox 658 3529 664 3542; x_wconf 94' lang='grc'>.</span> <span class='ocrx_word' id='word_1_328' title='bbox 680 3529 686 3542; x_wconf 94' lang='grc'>.</span> <span class='ocrx_word' id='word_1_329' title='bbox 702 3530 708 3543; x_wconf 92' lang='grc'>.</span> <span class='ocrx_word' id='word_1_330' title='bbox 727 3482 788 3543; x_wconf 94' lang='lat' dir='ltr'>Lm.</span> <span class='ocrx_word' id='word_1_331' title='bbox 800 3481 915 3562; x_wconf 75' lang='grc'>55555755</span> <span class='ocrx_word' id='word_1_332' title='bbox 934 3485 970 3545; x_wconf 84' lang='lat' dir='ltr'>ut</span> <span class='ocrx_word' id='word_1_333' title='bbox 985 3501 1048 3547; x_wconf 87' lang='grc'>555</span> <span class='ocrx_word' id='word_1_334' title='bbox 1064 3501 1172 3566; x_wconf 76' lang='grc'>5555-</span> 
     </span>
    </p>
   </div>
   <div class='ocr_carea' id='block_1_4' title="bbox 0 0 1231 3878">
    <p class='ocr_par' dir='ltr' id='par_1_4' title="bbox 0 0 1231 3878">
     <span class='ocr_line' id='line_1_39' title="bbox 0 0 1231 3878; baseline 0 0"><span class='ocrx_word' id='word_1_335' title='bbox 0 0 1231 3878; x_wconf 95' lang='lat' dir='ltr'> </span> 
     </span>
    </p>
   </div>
  </div>
 </body>
</html>
