2430 3878
157 167 199 232 16
651 167 666 220 Ι

227 323 257 377 66
280 317 418 394 quoniam
442 333 531 395 supra
554 315 642 376 docui
663 313 706 376 nil
728 332 816 395 posse
840 316 936 376 creari

227 403 264 464 de
286 403 346 464 nilo
369 422 466 482 neque
491 403 569 483 quod
593 406 754 482 genitumst
777 402 813 463 ad
836 402 879 463 nil
901 404 1048 484 revocari,

155 498 211 551 545
227 510 294 553 esse
316 491 465 553 inmortali
486 492 648 570 primordia
671 509 795 571 corpore
818 490 940 572 debent,

155 588 209 639 546
227 579 352 642 dissolui
374 598 433 660 quo
457 597 589 659 quaeque
613 598 751 659 supremo
774 587 907 659 tempore
930 581 1060 662 possint,

227 671 366 730 materies
388 676 422 730 66
445 667 613 747 subpeditet
635 667 725 729 rebus
747 667 928 746 reparandis.

228 763 298 818 aunt
319 759 411 836 igitur
434 756 527 817 solida
548 756 710 836 primordia
734 756 935 837 simplicitate,

227 863 283 906 neo
305 847 419 906 ratione
443 851 555 924 queunt
577 844 633 905 alia
657 851 770 906 servata
792 863 847 923 per
869 862 971 905 aevom

155 939 213 993 550
229 952 265 994 ex
288 934 403 994 infinito
426 935 484 993 iam
507 940 639 1012 tempore
662 951 713 993 res
734 951 881 1012 reparare.

155 1028 209 1081 oto
227 1039 318 1101 porro
342 1023 369 1082 si
390 1020 499 1083 nullast
521 1020 690 1100 frangendis
713 1020 829 1082 reddita
852 1022 920 1081 linis

229 1109 417 1192 corporibus,
439 1117 540 1170 tamen
563 1128 598 1170 ex
621 1117 742 1170 aeterno
765 1117 896 1189 tempore
920 1127 1053 1189 quaeque

229 1217 308 1259 nuno
330 1201 418 1258 etiam
437 1216 577 1279 superare
600 1205 753 1259 necessest
775 1216 899 1276 corpora
922 1197 1026 1281 rebus,

158 1295 214 1347 560
228 1304 303 1366 quae
325 1287 456 1348 nondum
479 1286 596 1348 clueant
617 1285 677 1347 ullo
700 1293 841 1365 temptata
863 1286 988 1366 periclo:

229 1382 259 1436 at
282 1378 421 1454 quoniam
443 1374 540 1453 fragili
563 1382 667 1434 natura
688 1375 822 1454 praedita
841 1381 989 1456 constant,

159 1469 211 1521 666
230 1462 380 1542 discrepat
401 1469 555 1524 aeternum
576 1470 693 1542 tempus
715 1465 848 1542 potuisse
870 1481 991 1525 manere

156 1557 214 1609 583
229 1549 495 1611 innumerabilibus
517 1551 612 1630 plagis
633 1557 735 1611 vexata
757 1569 812 1631 per
834 1569 944 1613 aevom.

156 1645 211 1698 551
229 1638 358 1718 denique
381 1641 407 1699 si
429 1639 539 1700 nullam
561 1640 651 1700 finem
673 1646 777 1700 natura
799 1648 933 1718 parasset

229 1727 399 1806 frangendis
421 1727 524 1808 rebus,
547 1729 605 1788 iam
628 1746 751 1807 corpora
773 1731 909 1788 materiai

229 1834 324 1894 usque
347 1815 465 1876 redacta
480 1807 585 1876 ¹forent
607 1834 676 1876 aevo
700 1816 852 1895 frangente
874 1819 988 1898 priore,

156 1910 264 1964 65666
286 1903 329 1963 nil
351 1922 387 1964 ex
410 1903 469 1964 illis
492 1922 509 1964 a
532 1911 613 1965 certo
636 1912 768 1983 tempore
791 1912 893 1984 posset

160 1998 215 2051 555
230 1999 405 2071 conceptum
428 1992 464 2052 ad
488 2011 634 2054 summum
657 1994 760 2054 aetatis
782 1993 943 2072 pervadere
966 1994 1043 2055 finis.

229 2097 298 2141 nam
322 2080 437 2161 quidvis
460 2082 548 2142 citius
572 2081 693 2142 dissolvi
714 2099 801 2161 posse
825 2081 959 2141 ridemus

231 2187 319 2248 quam
341 2187 446 2230 rursm
467 2170 564 2230 refici:
587 2176 787 2249 quapropter
810 2168 896 2248 longa
918 2169 978 2230 diei

229 2259 345 2318 infinita
368 2264 448 2318 aetas
471 2266 539 2319 ante
561 2260 619 2318 aeti
641 2259 784 2336 temporis
807 2259 903 2318 omnis

157 2351 212 2402 566
231 2346 309 2425 quod
333 2346 471 2425 fregisset
493 2346 588 2406 adhue
610 2346 780 2408 disturbans
803 2346 1045 2428 dissoluensque,

160 2441 214 2493 566
230 2452 390 2513 numquam
413 2434 524 2495 relicuo
547 2437 679 2513 reparari
700 2442 835 2514 tempore
857 2443 967 2514 posset.
1127 2449 1168 2492 coo

230 2530 260 2583 at
282 2540 374 2603 nunc,
396 2524 549 2602 nimirum,
571 2523 725 2601 frangendi
747 2524 863 2584 reddita
883 2524 952 2584 linis

231 2617 312 2671 certa
333 2616 444 2691 manet,
468 2612 605 2689 quoniam
627 2612 711 2672 refici
733 2629 798 2671 rem
821 2630 967 2692 quamque
989 2612 1127 2676 videmus

231 2706 261 2759 66
282 2699 365 2759 linita
388 2697 477 2758 simul
499 2701 662 2776 generatim
684 2707 817 2778 tempora
839 2700 930 2762 rebus

157 2794 212 2844 566
231 2794 322 2868 stare,
346 2786 453 2867 quibus
475 2789 590 2865 possint
613 2791 676 2848 aevi
698 2790 870 2867 contingere
893 2789 1005 2850 florem.

160 2882 216 2934 566
275 2870 284 2958 ll
297 2874 362 2936 Huc
384 2875 498 2936 accedit
519 2877 576 2956 uti,
600 2876 778 2937 solidissima
800 2880 935 2938 materiai
1128 2892 1168 2934 sss

231 2981 354 3043 corpora
377 2982 444 3024 cum
467 2970 615 3046 constant,
637 2967 754 3044 possint
776 2971 874 3027 tamen
897 2967 996 3026 omnia
1018 2965 1105 3028 reddi

230 3051 328 3112 mollia
353 3070 427 3130 quae
450 3053 538 3133 fiunt,
560 3058 624 3134 air,
647 3071 735 3134 aqua,
757 3060 849 3135 terra,
872 3071 1009 3135 vapores,

231 3159 289 3219 quo
312 3148 396 3219 pacto
419 3141 503 3223 fiant,
527 3146 557 3201 et
580 3160 637 3221 qrra
658 3145 688 3201 ri
710 3160 844 3221 quaeque
867 3150 1021 3223 gerantur,

160 3237 211 3287 oto
231 3229 392 3289 admixtum
415 3231 554 3308 quoniam
577 3229 668 3290 semel
690 3232 790 3290 estin
813 3229 903 3291 rebus
926 3232 1025 3291 inane:

156 3324 215 3380 570
229 3325 258 3378 at
281 3325 382 3378 contra
405 3321 432 3378 si
453 3317 553 3379 mollia
576 3320 637 3378 sint
656 3319 818 3396 primordia
840 3337 954 3400 rerum,
1128 3334 1170 3378 suo

230 3405 309 3466 unde
333 3412 441 3485 queant
462 3406 551 3467 validi
574 3405 673 3467 silices
696 3407 866 3486 ferrumque
889 3410 985 3469 creari

221 3511 283 3554 non
303 3497 419 3575 poterit
441 3496 518 3557 ratio
541 3495 640 3557 reddi:
663 3513 734 3556 nam
753 3496 887 3557 funditus
910 3499 1007 3559 omnis
