2430 3878
95 190 138 255 46
581 189 608 243 Π

165 355 202 396 00
227 337 369 415 quaedam
392 354 480 415 cogas
504 338 616 397 inmani
637 338 818 397 maximitate

167 443 246 506 esse,
269 443 358 505 supra
382 425 460 504 quod
483 426 541 484 iam
564 425 652 485 docui
673 443 733 486 non
755 442 843 505 posse
865 425 1003 505 probari.

590 531 608 568 *

96 607 148 656 500
166 603 225 661 iam
248 601 304 661 tibi
325 600 495 661 barbaricae
518 607 615 661 vestes
637 600 838 680 Meliboeaque
862 600 983 680 fulgens

165 708 297 768 purpura
319 689 489 750 Thessalico
514 689 691 749 concharum
711 690 821 750 inlecta
844 689 943 751 colore

167 778 316 857 caudaque
339 795 486 856 pavonum
509 777 618 838 ridenti
641 776 753 837 imbuta
775 778 876 856 lepore

167 884 252 927 caeca
274 883 351 926 noro
374 883 474 926 rerum
498 871 636 944 superata
658 865 757 926 colore
780 868 912 927 iacerent

167 961 197 1014 et
220 960 405 1033 contemptus
429 953 502 1013 odor
524 971 659 1033 smyrnae
682 953 837 1033 mellisque
860 972 998 1037 sapores,

97 1051 148 1100 505
168 1049 198 1103 01
220 1061 328 1122 cycnea
350 1041 427 1103 mele
449 1041 642 1121 Phoebeaque
666 1041 786 1102 daedala
808 1042 927 1104 chordis

168 1133 297 1192 carmina
320 1129 468 1190 consimili
490 1133 604 1190 ratione
627 1148 768 1209 oppressa
791 1130 927 1191 silerent:

167 1237 293 1298 namque
317 1218 383 1279 aliis
406 1218 485 1279 aliud
507 1221 705 1298 praestantius
729 1226 910 1280 exoneretur.

168 1307 273 1368 cedere
295 1309 368 1367 item
390 1313 471 1367 retro
494 1314 615 1386 possent
636 1309 669 1367 in
692 1306 853 1367 deteriores

168 1398 265 1455 omnia
289 1397 332 1454 010
355 1397 461 1474 partis,
485 1402 520 1455 ut
542 1394 669 1455 diximus
692 1397 724 1454 in
745 1394 890 1455 melioris:

99 1490 294 1561 arenamque
318 1482 383 1542 aliis
407 1482 485 1542 aliud
509 1490 589 1543 retro
613 1501 729 1562 quoque
751 1485 875 1545 taetrius
898 1490 979 1544 esset

168 1570 290 1631 naribus
314 1569 435 1630 auribus
458 1576 545 1650 atque
569 1571 662 1631 oculis
686 1573 805 1650 orisque
828 1573 936 1650 sapori.

169 1677 243 1739 quae
266 1661 404 1737 quoniam
427 1676 487 1718 non
510 1666 592 1739 sunt,
614 1657 670 1720 sed
690 1659 779 1720 rebus
802 1659 917 1720 reddita
942 1667 1023 1720 certa

169 1749 237 1808 finis
259 1749 408 1824 utrimque
430 1753 513 1806 tenet
535 1765 692 1828 summam,
716 1748 824 1808 fateare
848 1756 1002 1809 necessest

168 1837 321 1896 materiem
345 1853 461 1913 quoque
484 1836 576 1896 finitis
598 1835 717 1896 differre
740 1836 851 1914 figuris.

100 1932 151 1980 515
170 1925 297 2002 denique
321 1921 357 1982 ab
380 1922 498 2001 ignibus
522 1923 557 1983 ad
581 1923 692 2001 gelidas
715 1921 773 1984 iter
795 1942 889 2002 usque
912 1926 1037 2002 pruinas

169 2013 313 2072 finitumst
335 2017 474 2090 retroque
495 2013 559 2091 pari
581 2013 695 2072 ratione
718 2019 925 2073 remensumst.

170 2103 265 2177 omnis
288 2101 367 2160 enim
391 2099 470 2160 calor
493 2119 527 2160 00
549 2100 642 2177 frigus
664 2099 813 2178 mediique
837 2107 956 2179 tepores

168 2192 389 2267 interutrasque
411 2191 509 2249 iacent
531 2187 682 2266 explentes
706 2188 810 2248 ordine
833 2206 993 2248 summam:

169 2296 239 2356 ergo
263 2279 344 2337 linita
367 2277 479 2337 distant
500 2279 615 2337 ratione
638 2282 749 2356 creata,

100 2375 151 2423 500
170 2367 292 2445 ancipiti
314 2368 452 2444 quoniam
474 2366 610 2425 mucroni
631 2366 780 2442 utrimque
803 2371 956 2446 notantur,

170 2455 239 2514 hinc
262 2453 388 2513 ssammis
411 2452 492 2513 illinc
514 2453 619 2531 rigidis
642 2452 749 2512 1010010
771 2455 894 2532 pruinis.

215 2540 297 2612 Quod
325 2543 463 2618 quoniam
486 2540 586 2621 docui,
613 2558 733 2620 pergam
761 2547 916 2601 conectere
941 2559 1006 2602 rem
1029 2559 1107 2620 quae

170 2648 207 2689 ex
228 2628 285 2688 hoc
307 2636 373 2707 apta
395 2628 483 2688 fidem
505 2628 605 2709 ducat,
627 2628 789 2708 primordia
811 2647 925 2711 rerum,

171 2720 249 2777 inter
273 2734 304 2776 se
328 2716 418 2794 simili
441 2733 514 2794 quae
538 2723 607 2777 sunt
628 2717 759 2795 perlecta
781 2716 887 2798 figura,

101 2815 152 2864 505
171 2807 285 2867 infinita
308 2804 416 2865 oluere.
453 2806 562 2864 etenim
586 2804 724 2865 distantia
747 2822 815 2865 cum
838 2807 878 2888 sit

171 2896 331 2955 formarum
354 2894 450 2973 finita,
472 2901 624 2953 necessest
647 2911 720 2972 quae
744 2892 856 2953 similes
879 2894 940 2953 sint

172 3002 237 3044 esse
260 2982 404 3062 infinitas,
427 2986 477 3041 aut
500 2999 644 3041 summam
666 2982 801 3040 materiai

171 3073 283 3132 linitam
306 3077 455 3150 constare,
478 3069 509 3129 id
533 3069 610 3149 quod
633 3087 699 3139 non,
716 3087 781 3129 esse
804 3067 935 3147 probari

593 3175 611 3214 *

173 3246 305 3308 versibus
329 3246 446 3307 ostendi
469 3244 643 3324 corpuscula
665 3247 799 3306 materiai

108 3347 158 3399 530
172 3355 207 3396 ex
232 3337 345 3395 infinito
370 3351 514 3395 summam
537 3351 636 3394 rerum
661 3352 755 3412 usque
778 3341 880 3394 tenere

171 3424 302 3502 undique
325 3422 438 3502 protelo
461 3421 613 3501 plagarum
636 3425 812 3482 continuato.

162 3531 234 3573 nam
258 3511 339 3591 quod
361 3529 429 3574 rara
453 3510 536 3572 vides
557 3512 653 3590 magis
675 3528 742 3571 esse
764 3509 901 3570 animalia
923 3508 1065 3587 quaedam
