2430 3878
585 199 598 253 Ι
1053 196 1094 261 13

78 351 139 403 405
156 347 294 424 augmine
316 345 363 406 vel
386 346 490 424 grandi
512 345 559 406 uel
580 364 671 426 parvo
694 345 836 427 denique,
859 345 930 408 dum
953 347 1005 427 sit3
1053 358 1096 400 400
1202 410 1207 421 ,

156 436 206 495 cui
229 436 256 494 si
277 440 373 495 taetus
397 437 456 495 erit
479 436 611 513 quamvis
634 433 708 495 levis
731 436 927 516 exiguusque,
1054 448 1095 488 404

79 529 137 580 400
156 524 290 601 eorporis
314 521 433 601 augebit
455 540 613 584 numerum
636 541 839 602 summamque
863 530 1016 602 sequetur:

157 613 204 671 sin
226 610 363 672 intactile·
382 613 451 692 erit,
474 610 554 671 nulla
577 610 613 671 de
637 617 720 691 parte
744 611 822 690 quod
845 610 934 672 ullam

156 717 220 759 rem
242 697 401 778 probibere
425 706 513 779 queat
535 717 590 778 per
612 718 644 759 se
668 701 795 760 transire
818 706 978 782 meantem,

158 786 284 868 scilieet,
307 786 363 847 boe
385 786 418 848 id·
438 790 509 869 erit,
532 806 656 849 vacuum
679 788 757 868 quod
780 789 867 848 inane
890 806 1036 848 vocamus.

81 883 141 934 440
155 882 309 955 praeterea
331 893 386 955 per
409 893 441 936 se
463 875 541 956 quod
560 894 686 955 eumque
705 877 772 957 erit,
795 883 845 936 aut
863 876 950 937 laeiet
968 876 1038 956 quid
1053 891 1093 931 440

81 969 138 1020 400
157 971 207 1025 aut
229 962 295 1024 aliis
319 963 401 1042 iungi
425 962 545 1024 debebit
567 963 721 1043 agentibus
744 965 855 1046 ipsum,

157 1060 208 1114 aut
229 1054 288 1112 erit
309 1058 343 1113 ut
364 1054 481 1131 possint
503 1055 535 1112 in
558 1071 594 1112 eo
616 1070 666 1112 res
688 1069 754 1113 esse
777 1055 914 1131 gerique:

158 1148 188 1201 at
208 1140 306 1201 lacere
329 1148 360 1200 et
380 1140 464 1219 fungi
487 1135 553 1200 sine
575 1158 698 1220 corpore
721 1140 800 1201 nulla
823 1148 920 1220 potest
944 1159 1006 1222 res,

156 1247 212 1290 nee
234 1227 377 1308 praebere
400 1229 497 1289 locum
518 1247 608 1308 porro
630 1231 690 1289 nisi
711 1230 800 1289 inane
822 1247 995 1309 vacansque.

82 1325 140 1376 445
156 1334 240 1398 ergo,
262 1324 382 1396 praeter
403 1319 490 1377 inane
513 1323 544 1377 et
566 1335 702 1398 corpora,
724 1319 812 1378 tertia
834 1336 889 1397 per
911 1336 943 1378 se
1052 1330 1092 1372 40

81 1412 139 1463 440
157 1404 238 1466 00110
259 1411 359 1484 potest
380 1407 535 1488 00000010
557 1423 682 1466 numero
705 1412 808 1467 natura
831 1407 974 1488 relinqui,

157 1512 212 1554 nee
235 1511 309 1573 quae
333 1492 388 1554 sub
412 1512 519 1555 sensus
542 1494 625 1554 eadat
646 1493 707 1554 ullo
729 1501 863 1573 tempore
886 1503 1017 1576 nostros,

157 1600 213 1643 nee
235 1584 349 1642 ratione
372 1584 463 1643 animi
486 1600 574 1661 quam
596 1584 753 1663 quisquam
774 1585 871 1662 possit
893 1584 993 1663 apisci.

201 1668 276 1731 Nam
298 1688 373 1750 qnae
395 1688 520 1749 eumque
540 1670 648 1752 cluent,
671 1678 721 1732 aut
738 1670 791 1748 bis
803 1674 960 1732 coniuncta
979 1670 1091 1733 duabus

83 1766 143 1818 450
156 1757 246 1819 rebus
268 1776 303 1819 ea
326 1761 459 1819 invenies
482 1758 658 1821 autharum
681 1766 784 1820 eventa
806 1758 928 1820 videbis.
1052 1773 1092 1814 4⁵0

83 1854 140 1904 440
159 1848 349 1908 coniunctum
372 1855 418 1908 est
439 1846 471 1908 id
493 1846 572 1926 quod
595 1865 740 1926 nusquam
764 1850 828 1908 sine
851 1847 1006 1927 perniciali

159 1935 284 1995 discidio
306 1937 386 2015 potis
409 1942 456 1996 est
478 1937 595 2014 seiungi
618 1954 709 2016 seque
732 1938 860 2017 gregari5

157 2023 273 2103 pondus
297 2025 342 2084 uti
365 2025 457 2104 saxis,
479 2023 559 2084 calor
581 2026 685 2105 ignist,
708 2023 806 2103 liquor
828 2027 926 2106 aquai,

157 2118 254 2172 taetus
275 2111 451 2191 corporibus
474 2115 602 2193 eunetis,
625 2115 754 2173 intactus
775 2114 865 2172 inani.

82 2206 142 2259 405
158 2201 312 2261 servitium
334 2206 450 2281 eontra,
472 2207 643 2283 paupertas,
666 2200 856 2281 divitiaeque,
1052 2213 1091 2254 404

83 2296 140 2347 400
158 2287 294 2370 libertas,
315 2286 439 2371 bellum,
462 2289 632 2369 eoncordia,
655 2295 754 2349 cetera
778 2305 902 2366 quornm

158 2377 285 2438 adventu
307 2382 407 2437 manet
428 2376 586 2438 incolumis
608 2384 714 2438 natura
736 2375 888 2457 abi-tuque,

156 2464 231 2526 haee
253 2463 333 2525 soliti
356 2483 472 2547 sumus,
494 2472 529 2526 ut
550 2484 604 2545 par
627 2472 684 2547 est,
708 2472 811 2526 eventa
833 2482 945 2525 vocare.

158 2559 276 2632 tempus
298 2555 370 2614 item
392 2572 448 2633 per
470 2571 501 2614 se
525 2571 585 2614 non
607 2560 666 2635 est,
688 2554 741 2614 sed
763 2553 853 2615 rebus
876 2553 911 2614 ab
934 2554 1009 2632 ipsis

83 2649 144 2701 400
160 2643 352 2720 consequitur
373 2660 492 2723 sensus,
514 2648 695 2703 transactum
718 2641 788 2721 quid
812 2644 905 2702 sitin
928 2660 1012 2722 aevo,
1054 2655 1093 2697 reo

85 2737 140 2787 455
158 2734 222 2790 tum
246 2748 320 2809 quae
343 2748 392 2792 res
414 2732 518 2811 instet,
541 2730 612 2810 quid
634 2748 724 2811 porro
748 2731 855 2791 deinde
879 2738 1032 2809 sequatur:

159 2835 215 2878 neo
236 2836 292 2898 per
314 2836 345 2878 se
370 2837 546 2898 quemquam
568 2827 685 2898 tempus
710 2821 820 2879 sentire
843 2817 1023 2879 fatendumst

159 2912 305 2967 semotum
328 2906 365 2967 ab
387 2925 488 2968 rerum
510 2915 593 2969 motu
615 2907 787 2987 placidaque
812 2909 920 2985 quiete.

158 2987 168 3078 ΙΙ
181 2993 309 3074 denique
332 2994 529 3074 Tyndaridem
550 3003 664 3075 raptam
686 2994 821 3074 belloque
846 2994 981 3055 subactas

85 3089 143 3141 405
159 3083 342 3161 Troiugenas
364 3086 460 3162 gentis
484 3103 551 3145 eum
574 3085 677 3145 dieunt
699 3102 778 3164 esse,
801 3082 988 3143 videndumst
1054 3095 1095 3136 4⁶⁵

83 3178 141 3229 400
159 3190 197 3232 00
220 3172 296 3232 forte
318 3170 392 3232 baec
413 3190 468 3252 per
492 3190 524 3233 se
547 3179 653 3252 cogant
673 3189 729 3232 nos
753 3189 818 3232 esse
841 3171 940 3252 lateri,

160 3258 276 3338 quando
291 3277 326 3321 ea
340 3260 436 3321 saecla
449 3260 611 3343 bominum,
626 3277 751 3340 quorum
766 3259 838 3320 baec
852 3267 955 3320 eventa
966 3260 1096 3342 luerunt,

159 3347 366 3409 inrevocabilis
389 3348 544 3409 abstulerit
566 3352 624 3409 iam
646 3350 806 3429 praeterita
829 3355 922 3410 aetas:

158 3455 285 3516 namque
308 3436 387 3498 aliud
410 3436 528 3520 saeclis,
552 3436 826 3516 aliudregiouibus
849 3439 922 3517 ipsis

584 3545 604 3588 a
