2430 3878
380 805 672 891 bubonion
705 805 829 892 0le

242 958 331 1054 DE
378 958 629 1057 RERUM
674 959 970 1058 NATURA

428 1131 561 1196 omne
583 1129 777 1198 unumne.

552 1293 658 1300 *—

153 1417 178 1477 E
201 1417 332 1478 tenebris
354 1419 444 1477 tantis
467 1423 527 1477 tam
550 1418 662 1478 clarum
685 1417 825 1478 extollere
848 1417 949 1489 lumen

155 1507 207 1586 qui
228 1508 343 1585 primus
365 1507 489 1585 potuisti
510 1507 672 1567 inlustrans
695 1506 848 1567 commoda
869 1509 959 1588 vitae,

155 1599 184 1654 te
208 1612 329 1674 sequor,
353 1611 370 1652 o
394 1592 497 1654 Graiae
521 1597 617 1673 gentis
640 1594 742 1676 decus,
765 1597 855 1674 inque
878 1598 937 1656 tuis
960 1615 1038 1657 nunc

154 1683 222 1742 fieta
243 1682 353 1761 pedum
374 1700 452 1760 pono
474 1685 587 1761 pressis
610 1685 733 1769 vestigia
756 1686 862 1763 signis,

116 1784 214 1832 onon
237 1773 278 1830 ita
300 1769 433 1831 certandi
455 1771 579 1850 cupidus
603 1790 690 1850 quem
712 1777 834 1851 propter
856 1789 986 1832 amorem

155 1858 234 1936 quod
256 1864 285 1918 te
308 1860 419 1919 imitari
441 1876 524 1919 aveo:
548 1859 619 1938 quid
641 1861 720 1919 enim
743 1859 900 1920 contendat
921 1861 1049 1920 hirundo

155 1947 268 2026 eyeniS,
291 1953 341 2007 aut
363 1947 502 2025 quidnam
525 1946 659 2007 tremulis
682 1947 778 2007 iacere
802 1947 923 2008 artubus
945 1948 1032 2009 haedi

155 2034 308 2094 consimile
330 2036 362 2094 in
385 2053 475 2096 eursu
496 2037 611 2114 possint
634 2042 663 2095 et
685 2035 770 2096 fortis
794 2038 862 2114 equi
886 2033 952 2096 vis?

154 2128 200 2203 tu,
223 2130 319 2203 pater,
342 2140 374 2182 es
397 2141 498 2183 rerum
520 2126 668 2203 inventor,
691 2129 724 2183 tu
745 2125 839 2202 patria
860 2123 945 2184 nobis

98 2226 136 2274 10
156 2210 325 2288 suppeditas
348 2207 518 2291 praecepta,
541 2213 657 2289 tuisque
681 2229 730 2291 ex,
753 2210 877 2292 inclute,
901 2210 1023 2293 chartis,

154 2297 292 2358 floriferis
316 2306 348 2359 ut
371 2317 440 2378 apes
463 2302 494 2359 in
518 2298 639 2359 saltibus
663 2301 760 2359 omnia
783 2298 888 2379 libant,

155 2387 253 2446 omnia
275 2404 329 2446 nos
352 2387 454 2447 itidem
478 2387 663 2466 depascimur
686 2406 775 2448 aurea
798 2387 889 2469 dieta,

155 2492 256 2554 aurea,
278 2481 420 2554 perpetua
443 2494 560 2555 semper
583 2476 755 2555 dignissima
778 2478 844 2536 vita.

154 2579 223 2622 nam
244 2561 333 2622 simul
356 2581 389 2623 ae
411 2566 486 2623 ratio
510 2571 558 2624 tua
583 2566 679 2643 eoepit
701 2565 855 2625 vociferari

99 2666 135 2714 15
153 2658 288 2710 naturam
310 2669 423 2731 rerum,
447 2651 544 2724 divina
566 2659 664 2713 mente
688 2660 800 2734 coorta,

154 2736 311 2816 diffugiunt
332 2740 422 2800 animi
444 2746 587 2821 terrores,
609 2743 725 2801 moenia
747 2740 851 2801 mundi

154 2824 320 2907 discedunt,
344 2834 439 2887 totum
461 2828 545 2888 video
568 2847 622 2907 per
643 2831 730 2889 inane
754 2831 817 2906 geri
840 2846 897 2889 res.

153 2921 274 2994 apparet
296 2915 396 2976 divum
418 2934 527 2976 numen
550 2916 694 2995 sedesque
718 2919 846 2996 quietae,

153 3021 225 3081 quas
248 3021 344 3082 neque
367 3006 539 3065 concutiunt
560 3007 642 3065 venti
665 3023 719 3065 nee
742 3004 842 3065 nubila
863 3004 980 3065 nimbis

97 3107 133 3155 20
153 3099 313 3170 aspergunt
334 3110 430 3173 neque
454 3094 504 3154 nix
528 3095 589 3152 aori
612 3099 749 3154 concreta
771 3095 878 3172 pruina

152 3198 223 3239 eana
247 3179 354 3242 cadens
378 3180 466 3241 violat
490 3198 663 3261 semperque
686 3179 838 3241 innubilus
861 3181 962 3243 aether

151 3268 268 3348 integit,
292 3275 322 3328 et
344 3268 423 3347 large
448 3268 554 3330 diffuso
578 3269 688 3329 lumine
712 3269 822 3329 rident:

152 3359 248 3417 omnia
272 3357 441 3436 suppeditat
462 3375 550 3437 porro
574 3365 690 3437 natura,
713 3375 809 3435 neque
833 3357 891 3418 ulla

151 3462 199 3504 res
222 3446 312 3505 animi
332 3464 436 3524 pacem
460 3445 569 3507 delibat
587 3453 721 3528 tempore
743 3448 778 3507 in
798 3445 873 3508 ullo.

138 3552 283 3596 Ducentos.
299 3555 332 3594 ed.
347 3556 480 3610 Brleger.
896 3552 918 3602 ἲ)
