2430 3878
465 183 747 240 PROLEGOMENA.
1066 185 1114 240 LV

100 326 164 398 00.
208 323 330 389 subiens
370 345 386 390 e
425 328 486 389 Lm.
526 327 622 392 306777
663 329 694 392 37
732 348 748 393 0
787 331 819 392 Β.
859 330 912 393 IIIr.
957 364 1002 375 -
1047 330 1110 394 698

99 417 218 494 quanio
266 413 376 494 quique
418 415 520 497 000973
564 416 623 489 00.
668 427 702 479 01
746 426 826 479 recte
876 421 996 499 scripsit
1040 419 1111 501 Lm,

102 507 145 563 ita
168 503 241 564 salso
265 507 476 584 interpretatus
499 513 553 586 est,
575 513 609 566 01
632 525 685 566 300
708 509 773 567 iure
796 509 920 567 miratus
944 510 983 567 sit
1001 507 1110 569 Pollius

102 595 136 651 in
168 610 234 652 ann.
266 591 382 653 Lucret.
415 596 477 653 suis
509 597 659 654 neminem
691 597 722 654 in
753 594 808 655 bac
840 613 911 655 voce
943 596 1110 657 offendisse.

103 679 191 740 docet
217 680 279 740 Lm.
307 680 351 741 ad.
380 679 398 741 l.
421 680 457 740 VI
483 700 509 741 v.
527 677 607 761 459,
635 682 686 742 ubi
716 683 794 742 idem
822 683 993 744 adverbium
1023 692 1110 765 extat,

102 765 215 846 quique
238 786 303 828 csse
332 764 393 828 ‘um
413 767 443 848 je
466 771 522 829 wie
544 770 602 829 viel
625 770 722 850 mehr,
750 789 800 830 um
824 769 855 850 je
879 789 912 830 so
934 771 993 831 viel
1014 768 1109 833 mehr'
1130 812 1133 818 ·

104 855 183 934 quod
207 874 267 916 non
290 858 381 934 capio.
417 854 528 935 quique
550 875 643 936 paene
672 858 751 918 idem
773 858 870 918 valere
892 859 1009 919 videtur
1031 861 1110 937 quod

103 960 282 1022 quacunque
299 941 426 1025 0077000,
448 945 526 1005 unde
545 964 604 1005 non
628 945 713 1023 longe
737 945 820 1006 abest
837 949 881 1006 vis
899 949 980 1007 vocis
999 946 1110 1025 077000.

104 1065 146 1075 -
163 1025 176 1114 II
193 1030 258 1094 699
271 1025 284 1116 ΙΙ
301 1033 336 1092 01.
350 1053 378 1110 p.
393 1032 503 1093 XXVII.
514 1067 554 1076 -
568 1030 632 1094 700
646 1032 821 1112 dispertitus
836 1036 948 1097 00000
961 1033 1109 1096 Lm.B.Mr.

101 1121 183 1181 retro
207 1119 274 1200 OQ,
297 1139 333 1180 ex
351 1139 376 1180 v.
392 1118 463 1182 699.
483 1153 526 1164 -
546 1118 608 1182 732
628 1124 757 1200 0007000
779 1120 891 1192 bour.
914 1122 960 1182 vel
982 1122 1109 1202 contapi,

103 1207 183 1286 quod
215 1207 304 1268 Goeb.
337 1227 411 1268 mus.
439 1208 569 1269 Rhenan.
594 1209 644 1268 XV
661 1206 726 1272 406
763 1211 904 1291 praesert3
940 1209 1110 1290 conlopibu’

102 1294 200 1355 Lm.B.
220 1329 262 1338 —
287 1292 351 1357 734
373 1297 436 1358 ceci
453 1293 582 1358 3000001
602 1296 705 1376 B.Brg.
729 1297 828 1376 philol.
847 1298 950 1358 XXVII
963 1295 1019 1360 54:
1041 1317 1111 1361 0000

103 1382 338 1454 0010100.-
354 1381 417 1446 736
436 1385 544 1464 utqui
560 1385 612 1446 Mi.
632 1386 718 1445 clad
736 1386 750 1446 I
770 1382 845 1447 749:
863 1388 899 1447 07
915 1385 1037 1464 quicum
1051 1387 1109 1459 00.

102 1473 140 1532 07
163 1469 219 1550 qui
246 1471 475 1533 G.F.Hermann.
494 1473 593 1552 phIlol.
612 1473 675 1534 VIII
697 1472 766 1535 181.
803 1475 839 1535 07
859 1473 925 1535 inm
947 1475 1109 1536 LambLm.

102 1556 233 1639 quidem
254 1559 285 1620 Β.
310 1593 352 1602 -
377 1556 441 1622 740
456 1552 598 1645 77374171
629 1580 732 1622 versus
760 1565 888 1640 optimus
917 1570 947 1623 et
972 1563 1109 1624 Lucretio

103 1647 298 1726 dignissimus
325 1656 378 1708 est.
416 1657 537 1728 apparet
563 1656 678 1727 poetam
708 1658 913 1728 argumentum
940 1651 1028 1711 huius
1052 1651 1110 1711 loci

103 1739 145 1796 ita
167 1742 295 1797 tractare
317 1738 458 1817 potuisse,
481 1744 514 1796 ut
536 1737 608 1797 haec
630 1737 719 1798 verba
742 1741 893 1817 aptissima
912 1747 1020 1818 essent,
1043 1740 1109 1799 vide

104 1842 181 1902 quae
199 1843 227 1902 p.
245 1823 335 1883 XXVI
353 1825 389 1884 de
407 1825 541 1885 versibus
562 1821 624 1886 758
636 1844 700 1905 sqq.
724 1826 876 1904 disputavi,
896 1859 938 1868 —-
959 1823 1023 1888 745
1041 1844 1110 1888 cum

103 1929 227 1992 corpore
248 1929 363 1991 qnoque
385 1911 417 1972 Ο.
441 1914 500 1973 7010
523 1912 704 1983 QLmssblr.
725 1946 767 1956 -
787 1911 850 1976 758
862 1933 924 1993 sqq.
940 1908 954 1997 ll
968 1913 1028 1976 761
1043 1909 1055 1999 ll
1073 1916 1109 1975 01.

103 2020 133 2079 p.
147 1999 258 2061 XXVII.
277 2033 319 2042 —
340 1997 403 2061 781
425 2018 552 2078 aequore
569 2003 617 2063 00
634 2002 714 2064 alto
734 2001 859 2072 boun:
881 2019 1011 2082 0000000
1027 2000 1109 2064 30730

103 2088 128 2146 V
149 2085 334 2168 109100,
357 2088 409 2148 sed
432 2088 476 2148 illi
497 2107 600 2148 versus
623 2107 682 2149 non
705 2088 740 2149 ab
760 2088 896 2149 Lucretio
915 2090 984 2169 Ipso‘
1004 2091 1046 2151 ibi
1064 2094 1109 2151 in-

104 2179 180 2236 serti
213 2183 290 2236 sunt.
315 2208 358 2218 -
384 2174 446 2238 787
478 2177 585 2255 quod
617 2174 647 2237 si
673 2178 778 2254 posset
804 2175 887 2238 0000
916 2177 974 2249 00.
1004 2179 1110 2257 probat

103 2263 268 2344 Madvicus3
295 2282 350 2342 ego
373 2263 484 2344 scribo,
512 2265 547 2324 de
572 2264 744 2324 soloecismo
768 2283 903 2344 securus,
932 2266 967 2325 cl.
987 2284 1016 2344 p.
1035 2265 1108 2327 XIX.

104 2349 182 2430 qnid
200 2349 231 2413 si
241 2353 346 2430 posset
366 2348 471 2413 enim?
497 2351 559 2412 Lm.
577 2350 632 2413 000
652 2349 682 2413 si
700 2385 740 2398 -
760 2352 871 2412 Marull.
890 2352 984 2431 vulgo.
1013 2353 1045 2414 B.
1065 2387 1107 2396 —

105 2438 168 2502 801
185 2459 202 2496 s
217 2437 295 2520 802,
321 2438 421 2518 philol.
444 2439 546 2499 XXVII
564 2436 607 2502 54
617 2459 660 2519 sq.
679 2473 721 2482 -
746 2438 808 2502 811
836 2438 912 2518 quin
937 2437 1027 2502 00770
1053 2439 1110 2504 loci

100 2527 150 2606 fii
175 2521 249 2611 (non
271 2525 372 2590 silut
393 2530 570 2605 impressum
593 2522 652 2611 est)
675 2525 763 2606 copie
785 2526 906 2605 000010,
935 2527 974 2610 fit
992 2548 1046 2609 pro
1069 2529 1112 2592 sit

103 2616 181 2697 Lm.;
207 2616 243 2676 cs.
267 2616 312 2677 ad.
334 2615 352 2676 l.
375 2612 489 2677 v359.
519 2612 605 2677 locist
624 2615 687 2678 3070
707 2614 796 2695 copie
821 2636 881 2677 non
903 2620 1003 2697 inepte
1026 2617 1108 2679 Bkm.

104 2738 147 2749 -
175 2699 351 2766 803-815
371 2730 412 2752 ==
430 2704 454 2761 V
472 2701 645 2767 351-863
674 2707 786 2766 eiciunt
810 2705 973 2786 Lm.B.Mr.,
1001 2708 1110 2766 retinet

104 2792 277 2873 Giussanus,
300 2798 389 2872 recte,
412 2810 480 2851 nam
503 2794 546 2852 eis
568 2795 670 2853 eiectis
688 2793 874 2873 relinquitur,
897 2793 975 2872 quod
995 2796 1108 2854 animos

104 2879 245 2941 mortales
267 2898 333 2940 esse
356 2879 624 2941 demonstrantibus
648 2881 725 2941 obici
747 2884 848 2960 possit.
868 2914 910 2923 -
934 2877 1108 2944 840-858

104 2968 224 3048 seclusi,
247 2968 325 3048 quod
347 2986 450 3028 versus
474 2965 646 3031 859-866
670 2987 788 3029 versum
807 2965 870 3031 839
895 2968 1036 3048 subsequi
1058 2970 1109 3030 de-

103 3056 175 3117 bere
194 3075 244 3117 res
263 3058 327 3135 ipsa
345 3055 481 3116 declarat.
500 3089 543 3099 -
562 3053 625 3118 848
647 3055 829 3135 repetentia
850 3054 949 3119 uosdri
966 3055 1024 3128 00.
1044 3060 1062 3118 i.
1083 3077 1108 3118 e.

104 3144 227 3206 facultas
245 3147 370 3205 memori
390 3151 488 3204 mente
506 3147 594 3204 vitam
608 3145 678 3205 olim
696 3152 789 3205 actam
810 3145 1053 3226 reprehendendi,
1072 3146 1108 3207 cl.

104 3252 128 3294 v.
140 3229 206 3296 856
223 3229 388 3295 retinentia
400 3231 494 3292 Lm.B.
508 3265 551 3275 —
566 3229 631 3296 865
641 3252 682 3312 sq.
700 3250 796 3312 neque
807 3231 906 3294 07700
919 3231 1051 3312 differre,
1065 3251 1109 3296 00

102 3317 195 3384 mullo
210 3318 309 3401 fuerit
323 3318 390 3381 7000
407 3322 537 3399 tempore
552 3323 662 3383 name:
686 3341 721 3381 ex
741 3320 932 3382 similitudine
950 3325 1014 3383 eius
1030 3323 1107 3402 quod

103 3418 150 3472 est
165 3407 254 3473 baud
268 3406 330 3471 3070
348 3426 411 3470 00.
431 3455 459 3469 ..
478 3408 534 3469 hoc
551 3405 632 3472 nibil
649 3407 755 3488 differt
770 3428 813 3472 00
825 3406 910 3471 00770
929 3417 983 3471 010.
1002 3412 1044 3471 ita
1062 3413 1107 3470 in-

102 3506 260 3581 terpretor,
273 3505 307 3559 ut
321 3500 359 3558 sit
372 3493 452 3559 nibil
465 3494 571 3576 differt
581 3531 625 3542 -
638 3516 681 3559 00
693 3495 778 3560 00770
791 3497 886 3580 fuerit
896 3496 963 3559 7000
976 3499 1110 3576 empore
