2430 3878
539 297 541 301 y
581 208 620 263 1v
1044 208 1107 275 199

189 371 250 414 non
272 352 407 413 homines
431 352 526 414 solum
549 354 602 415 sed
625 373 694 416 vero
718 355 853 417 animalia
876 365 989 418 cuncta.

190 443 299 520 quippe
326 440 440 501 videbis
468 459 560 521 equos
584 443 682 524 sortis,
710 462 777 504 cum
802 445 934 505 membra
956 445 1094 507 iacebunt

115 531 221 596 98519
244 531 356 589 somnis
379 529 485 590 sudare
509 537 608 591 tamen
632 534 803 611 spirareque
828 551 945 612 semper

116 624 219 684 97091
241 619 326 696 quasi
348 617 385 677 de
408 617 503 696 palma
527 637 657 679 summas
680 620 859 681 contendere
883 623 955 681 viris

189 708 346 784 autquasi
369 705 537 766 carceribus
560 708 713 785 patefactis
736 754 956 771 .....
1068 732 1107 771 990

188 801 405 872 venantumque
428 812 516 854 canes
538 796 570 854 19
592 795 674 855 molli
697 815 783 875 saepe
807 798 905 876 quiete
1067 820 1106 860 999

188 884 298 943 iactant
320 900 407 942 crura
428 889 527 943 tamen
550 882 647 944 subito
670 886 809 963 vocisque
833 892 954 963 repente
1067 907 1105 947 991

116 986 174 1036 999
188 972 308 1030 mittunt
330 977 360 1030 et
383 969 487 1030 crebro
510 970 677 1032 redducunt
699 973 820 1033 naribus
844 992 943 1054 auras,

116 1073 170 1124 975
188 1065 222 1120 91
244 1060 367 1137 vestigia
390 1060 417 1118 si
439 1065 558 1119 teneant
580 1061 698 1121 inventa
721 1061 864 1142 ferarum,

189 1147 444 1226 expergefactique
468 1153 609 1207 secuntur
631 1149 730 1208 inania
754 1167 840 1227 saepe

189 1252 343 1295 cervorum
366 1233 535 1315 simulacra,
558 1235 643 1314 fugae
666 1237 751 1315 quasi
774 1236 872 1297 dedita
895 1245 1029 1318 cernant,
1066 1260 1104 1300 995

189 1323 283 1384 donec
306 1322 449 1383 discussis
472 1322 596 1383 redeunt
619 1323 770 1384 erroribus
793 1325 829 1385 ad
854 1344 894 1386 99.

117 1427 173 1478 995
187 1418 217 1471 91
239 1418 379 1472 00999919
402 1411 482 1471 domi
504 1411 668 1472 catulorum
690 1411 795 1472 blanda
817 1431 946 1493 propago

115 1515 171 1566 980
190 1500 336 1561 discutere
360 1506 520 1578 91909999
543 1499 579 1560 de
599 1507 679 1560 terra
702 1503 852 1580 corripere
875 1504 999 1582 instant,
1066 1524 1105 1563 999

188 1588 311 1667 proinde
335 1589 420 1667 quasi
442 1589 556 1665 ignotas
579 1588 670 1649 facies
693 1596 780 1668 atque
805 1607 855 1649 ora
877 1596 1006 1650 tuantur.
1052 1613 1104 1652 1004

188 1684 219 1737 et
241 1694 298 1756 quo
322 1693 456 1755 quaeque
478 1677 571 1754 magis
595 1683 664 1736 sunt
687 1695 790 1756 aspera
814 1679 1020 1759 seminiorum,
1052 1699 1104 1740 1005

188 1771 248 1824 tam
270 1765 364 1843 magis
386 1766 418 1824 in
441 1765 552 1824 somnis
575 1764 677 1825 eadem
701 1767 813 1826 saevire
836 1773 1003 1826 necessust:

98 1869 174 1920 1000
187 1860 217 1913 at
238 1855 335 1913 variae
358 1854 475 1931 fugiunt
496 1852 630 1913 volucres
652 1855 811 1932 pinnisque
834 1861 956 1933 repente

116 1956 170 2008 905
189 1940 347 2002 sollicitant
369 1941 467 2000 divom
489 1948 633 2000 nocturno
655 1948 787 2020 tempore
811 1940 906 2020 lucos,

189 2031 344 2108 accipitres
368 2046 471 2089 somno
494 2030 526 2088 in
549 2026 609 2088 leni
632 2031 658 2089 si
679 2028 790 2108 proelia
812 2047 926 2108 pugnas

189 2117 277 2179 edere
301 2125 369 2178 sunt
390 2122 591 2196 persectantes
614 2118 751 2195 visaeque
775 2117 914 2177 volantes.
1053 2141 1104 2180 1010

187 2223 277 2286 porro
300 2205 454 2265 hominum
476 2211 604 2285 mentes,
626 2207 740 2282 magnis
764 2207 815 2283 qui
837 2203 967 2264 motibus
991 2204 1080 2265 edunt

97 2309 174 2363 1005
187 2312 301 2375 magna,
322 2293 425 2353 itidem
449 2309 535 2371 saepe
558 2294 590 2351 in
612 2295 724 2352 somnis
743 2293 912 2371 iaciuntque
931 2299 1104 2373 geruntque,

118 2398 170 2449 990
188 2400 274 2460 reges
298 2387 478 2461 expugnant,
500 2383 669 2461 capiuntur,
691 2379 803 2460 proelia
825 2383 964 2461 miscent,

188 2470 296 2530 tollunt
319 2468 490 2549 clamorem,
514 2470 598 2547 quasi
621 2471 647 2528 91
669 2467 852 2549 iugulentur,
876 2468 993 2529 ibidem.

188 2557 275 2618 multi
298 2557 466 2636 depugnant
488 2558 673 2635 gemitusque
697 2556 846 2618 doloribus
870 2557 961 2618 edunt
1053 2578 1104 2620 1015

189 2653 231 2728 et,
255 2648 338 2725 quasi
360 2645 520 2724 pantherae
542 2663 644 2705 morsu
667 2647 780 2706 saevive
799 2645 893 2705 leonis

1098 493 1107 528 7

98 2749 173 2802 1010
188 2734 376 2814 mandantur,
398 2735 511 2810 magnis
535 2732 712 2793 clamoribus
735 2736 833 2793 omnia
856 2733 1011 2812 complent.

117 2837 170 2889 995
188 2822 274 2882 multi
297 2822 333 2882 de
355 2824 469 2899 magnis
492 2839 546 2900 per
569 2839 704 2882 somnum
727 2821 808 2883 rehu’
831 2821 1005 2902 loquuntur,

188 2911 356 2989 indicioque
380 2911 426 2969 sui
448 2909 518 2969 facti
539 2927 681 2988 persaepe
704 2910 795 2970 fuere.

188 2998 274 3059 multi
296 3004 422 3058 mortem
445 2996 562 3057 obeunt.
598 2995 697 3077 multi,
720 2997 756 3057 de
778 2995 928 3056 montibus
951 2995 1017 3057 altis
1052 3021 1104 3060 1999

188 3094 221 3148 ut
245 3088 295 3166 qui
317 3086 512 3165 praecipitent
534 3084 570 3145 ad
592 3092 715 3165 terram,
738 3101 861 3164 corpore
884 3090 945 3143 1010

98 3190 172 3242 1015
189 3181 393 3254 externantur,
417 3179 506 3232 etex
529 3191 631 3233 somno
655 3174 740 3252 quasi
761 3170 902 3232 mentihu'
926 3174 1003 3250 capti

99 3279 170 3330 1000
188 3265 236 3322 vix
259 3262 295 3323 ad
319 3280 350 3322 se
374 3261 512 3341 redeunt,
534 3263 662 3339 permoti
686 3263 818 3339 corporis
841 3266 932 3320 aestu.

188 3351 298 3412 flumen
321 3353 392 3410 item
416 3351 519 3410 sitiens
542 3355 592 3409 aut
614 3349 726 3409 iontem
746 3354 869 3428 propter
891 3366 1046 3408 amoenum

188 3439 302 3500 adsidet
324 3445 354 3498 et
375 3444 470 3498 totum
491 3454 583 3516 prope
606 3436 739 3498 saucibus
763 3443 885 3516 occupat
908 3455 1032 3497 amnem.
1052 3459 1101 3498 909

350 3521 657 3607 9000400999-
670 3521 862 3588 991-999.
