2430 3878
580 214 620 270 VI
686 243 691 253 ·
1045 212 1108 276 195

172 379 247 440 qnae
270 361 398 423 calidum
420 362 535 423 faciunt
554 360 650 422 laticis
673 369 785 423 tactum
807 368 895 440 atque
919 378 1063 440 saporem.

171 449 240 510 inde
262 448 316 510 uhi
338 450 383 512 sol
404 450 497 511 radiis
518 457 630 511 terram
652 450 775 511 dimovit
796 449 917 511 obortus

99 544 156 595 870
170 544 201 598 et
223 537 361 599 rarefecit
384 537 477 598 calido
501 537 644 618 gliscente
666 556 787 619 vapore,
1067 559 1107 600 sao

170 643 275 686 rursus
298 628 330 687 in
352 629 488 706 antiquas
511 625 637 687 redeunt
658 626 820 706 primordia
844 625 930 686 sedes

96 715 261 794 actiguis,
284 721 314 775 et
336 717 499 776 interram
523 715 601 775 cedit
624 713 703 775 calor
725 716 822 775 omnis
846 715 940 793 aquai.

170 801 295 880 frigidus
318 803 393 863 hanc
417 802 453 863 oh
476 820 541 863 rem
563 803 683 864 fitsons
706 805 739 864 in
761 803 827 864 luce
850 803 964 863 diurna.

169 897 324 969 praeterea
346 890 418 952 solis
440 890 532 951 radiis
554 893 680 952 iactatur
702 893 789 972 aquai

98 985 156 1036 875
169 996 256 1039 umor
278 980 361 1040 etin
383 978 481 1040 lucem
502 977 629 1040 tremulo
652 982 777 1041 rarescit
798 979 835 1040 ab
858 985 955 1040 aestu:
1067 998 1106 1040 aas

169 1073 327 1146 propterea
348 1067 383 1127 fit
404 1069 449 1128 uti
471 1085 546 1147 quae
569 1070 683 1128 semina
705 1085 831 1148 cumque
854 1066 944 1128 habet
965 1068 1043 1145 ignis

99 1171 151 1221 870
171 1154 311 1237 dimittat3
334 1157 420 1235 quasi
442 1172 532 1234 saepe
554 1153 666 1237 gelum,
689 1155 767 1234 qnod
790 1158 922 1217 continet
943 1157 975 1215 in
998 1173 1043 1236 se,
1119 1198 1125 1209 .

169 1245 262 1304 mittit
284 1249 314 1304 et
336 1243 461 1304 exsolvit
483 1242 605 1322 glaciem
628 1243 780 1323 nodosque
802 1243 923 1305 relaxat.

213 1330 351 1410 Frigidus
374 1338 421 1392 est
443 1333 531 1393 etiam
554 1331 634 1413 fons,
657 1350 745 1411 snpra
768 1349 857 1410 quem
880 1334 937 1393 sita
959 1350 1047 1410 saepe

97 1427 156 1478 880
170 1425 277 1498 stuppa
298 1421 368 1480 iacit
390 1419 537 1480 flammam
560 1427 702 1499 concepto
723 1422 861 1499 protinus
883 1422 958 1502 igni,
1066 1441 1105 1482 eso

170 1507 313 1587 taedaque
337 1507 485 1569 consimili
506 1509 621 1568 ratione
644 1526 768 1568 accensa
789 1526 844 1587 per
865 1508 960 1569 undas

98 1611 151 1661 815
170 1596 318 1677 conlucet,
341 1613 526 1675 quocumque
549 1602 655 1656 natans
676 1594 839 1675 impellitur
862 1598 951 1657 auris.

170 1685 324 1765 nimirum,
347 1687 415 1763 quia
438 1686 561 1746 suntin
584 1703 658 1763 aqua
680 1684 826 1764 permulta
848 1686 966 1764 vaporis

170 1774 296 1853 semina,
319 1771 355 1833 de
378 1779 516 1852 terraque
539 1778 692 1833 necessest
713 1772 846 1834 funditus
869 1775 934 1852 ipsa

98 1868 155 1920 885
170 1863 247 1939 ignis
270 1878 393 1939 corpora
415 1879 471 1939 per
491 1866 587 1922 totum
609 1878 789 1940 consurgere
812 1861 924 1922 lontcm
1065 1879 1105 1922 aas

171 1955 201 2009 et
223 1948 311 2009 simul
333 1951 484 2027 exspirare
507 1948 586 2009 foras
610 1951 750 2028 exireque
773 1951 803 2009 in
827 1967 927 2030 auras,

99 2053 230 2103 88811811
251 2039 293 2096 ita
314 2035 407 2097 multa
429 2043 541 2117 tamen,
564 2036 676 2098 calidus
699 2043 788 2117 queat
808 2044 843 2098 nt
865 2038 931 2098 11811
953 2037 1032 2118 lons,

168 2132 326 2204 propterea
349 2124 482 2204 dispersa
505 2125 584 2186 loras
606 2143 762 2204 erumpere
786 2127 865 2204 cogit

169 2215 214 2273 vis
236 2231 291 2293 per
313 2231 419 2293 aquam
442 2212 538 2273 subito
562 2231 740 2292 sursumque
763 2230 798 2273 ea
821 2212 978 2274 conciliari

99 2309 155 2360 890
170 2302 249 2381 qnod
271 2319 363 2380 genus
387 2301 463 2362 endo
485 2303 589 2361 marist
610 2301 700 2362 Aradi
722 2301 802 2382 fons,
826 2300 920 2361 dulcis
943 2302 1030 2381 aquai
1066 2323 1106 2364 seo

170 2392 223 2469 qui
244 2391 332 2450 scatit
353 2395 384 2450 et
404 2389 497 2450 salsas
520 2391 632 2450 circum
656 2407 687 2449 se
712 2388 842 2450 dimovet
862 2388 969 2450 undas:

99 2493 151 2545 885
171 2483 201 2538 et
223 2476 323 2538 multis
347 2478 413 2538 aliis
435 2476 557 2557 praebet
579 2475 752 2555 regionibus
776 2495 887 2556 aequor

171 2564 328 2626 utilitatem
352 2573 546 2646 opportunam
569 2564 731 2626 sitientibu'
754 2568 865 2647 nantis,

172 2653 249 2733 quod
272 2653 366 2714 dulcis
389 2657 467 2715 inter
490 2652 581 2714 salsas
604 2656 773 2715 intervomit
795 2653 898 2715 undas.

99 2750 156 2802 805
170 2745 213 2803 818
236 2744 327 2822 igitur
348 2761 402 2822 per
424 2761 491 2803 eum
513 2749 639 2821 possunt
661 2760 817 2822 erumpere
841 2742 953 2802 fontem
1067 2762 1106 2804 888

171 2836 201 2891 et
223 2836 337 2891 scatere
361 2830 409 2890 illa
431 2831 510 2890 18188
532 2832 564 2890 in
588 2836 724 2910 stuppam
748 2832 874 2911 semina3
896 2847 954 2909 quo
977 2846 1044 2890 cnm

100 2935 153 2985 880
172 2920 349 2978 conveniunt
372 2920 474 2978 autin
496 2917 592 2979 1881181
615 2936 738 2998 corpore
763 2918 934 2998 adhaerent,

171 3005 329 3066 ardescunt
351 3005 435 3066 lacile
459 3007 618 3088 extemplo,
642 3008 710 3085 quia
732 3004 824 3067 multa
847 3023 964 3086 quoqne
987 3007 1019 3078 in
1043 3023 1075 3066 se

172 3096 285 3155 semina
307 3092 417 3153 habent
438 3094 515 3172 ignis
539 3101 661 3174 stuppae
684 3095 845 3173 taedaeque
868 3093 995 3155 latentis.

100 3190 157 3242 000
172 3200 270 3243 nonne
292 3181 374 3241 vides
398 3184 499 3262 etiam,
521 3190 665 3244 nocturna
688 3182 724 3243 ad
746 3182 857 3244 lumina
880 3181 973 3242 linum
1067 3205 1107 3246 eoo

171 3289 266 3350 nuper
287 3270 339 3331 nbi
362 3272 524 3331 extinctum
547 3272 714 3353 admoveas,
738 3270 893 3332 accendier
916 3277 983 3333 ante

102 3376 154 3425 885
173 3377 260 3438 quam
281 3361 380 3439 tetigit
401 3358 560 3440 flammam,
583 3359 757 3439 taedamque
780 3361 846 3439 pari
867 3355 1004 3421 ratione?

172 3445 321 3526 multaque
344 3454 497 3527 praeterea
519 3449 602 3526 prius
626 3451 691 3528 ipso
714 3455 791 3509 tacta
813 3466 920 3527 vapore

174 3538 288 3596 eminus
311 3536 469 3598 ardescunt
491 3554 581 3618 quam
603 3539 774 3600 comminus
791 3535 915 3599 imnum
926 3538 1027 3611 tauns.

867 3633 928 3690 W
