2430 3878
578 187 618 244 Ν
1040 185 1101 249 777

168 353 225 396 nec
248 335 385 396 dissentit
407 354 476 397 eum
498 338 602 396 mortis
624 335 734 415 letique
756 337 883 414 potitum

100 438 154 491 765
170 426 230 484 iem
252 424 382 506 pridem,
405 443 495 503 quem
516 443 601 486 mens
623 427 719 485 virom
742 441 774 484 00
797 441 919 484 cernere
941 421 1044 483 credit.

99 527 151 579 700
169 505 179 595 ll
193 512 273 591 quod
296 520 446 592 superest,
468 531 527 573 non
550 521 596 573 est
616 516 725 574 mirum
747 511 905 572 simulacra
925 512 1037 570 moveri

170 600 366 678 bracchiaque
389 603 421 661 in
444 616 600 662 numerum
622 603 730 662 iactare
753 607 784 660 et
805 608 904 660 cetera
924 597 1064 658 membra.

170 707 239 750 nam
260 689 294 749 fit
316 696 350 749 ut
371 691 403 749 in
426 691 538 750 somnis
561 690 657 750 lacero
678 689 735 749 boc
756 687 891 748 videatur
912 689 1020 764 imago:
1066 708 1105 748 770

172 779 294 858 quippe,
316 776 369 838 ubi
390 779 487 856 prima
508 779 587 856 perit
609 776 753 856 alioquest
775 776 867 836 altera
888 780 955 835 nata

99 881 157 932 770
172 866 242 926 inde
266 871 356 945 statu,
378 867 461 944 prior
482 865 532 925 hic
554 872 670 943 gestum
690 871 820 925 mutasse
843 862 966 924 ridetur.

101 969 154 1019 ‘165
174 953 300 1034 scilicet,
322 953 353 1013 id
375 954 442 1014 fieri
464 952 555 1014 celeri
577 955 691 1013 ratione
712 953 916 1032 putandumst:

171 1048 281 1103 tantast
302 1041 450 1102 mobilitas
474 1048 504 1102 et
525 1059 626 1102 rerum
649 1043 733 1120 copia
755 1048 848 1123 tanta,

172 1136 310 1209 mutaque
332 1128 469 1191 sensibili
491 1132 594 1208 quovis
617 1136 663 1189 est
684 1137 816 1208 tempore
838 1131 870 1189 in
892 1145 952 1188 uno
1067 1146 1105 1188 us

175 1220 259 1296 copia
280 1218 506 1298 particularum,
527 1224 561 1278 ut
582 1219 677 1296 possit
700 1214 925 1296 suppeditaret

101 1319 158 1374 775
216 1304 364 1385 Multaque
390 1308 421 1366 in
446 1306 493 1366 his
515 1305 606 1366 rebus
628 1314 822 1387 quaeruntur,
848 1304 998 1384 multaque
1020 1301 1105 1363 nobis

102 1411 156 1461 700
175 1392 387 1475 clarendumst,
407 1393 494 1473 plano
517 1396 544 1454 si
565 1410 615 1454 res
637 1410 785 1473 exponere
809 1411 936 1454 aremus

175 1484 328 1561 quaeritur
349 1484 508 1561 inprimis
531 1501 635 1563 quare,
658 1482 735 1561 quod
758 1483 865 1561 cuique
887 1480 980 1542 libido

173 1572 301 1650 venerit,
324 1570 469 1649 extemplo
493 1584 577 1631 mens
600 1573 709 1648 cogitet
731 1572 795 1631 eius
817 1570 848 1630 id
871 1572 977 1648 ipsum.
1067 1589 1106 1629 reo

175 1676 250 1719 enne
272 1657 451 1719 voluntatem
473 1667 605 1719 nostram
628 1657 784 1720 simulacra
805 1664 939 1739 tuentur,

102 1760 160 1812 780
176 1753 206 1807 et
229 1746 316 1807 simul
338 1765 373 1807 ec
395 1745 529 1807 volumus
552 1746 637 1808 nobis
661 1748 791 1808 occurrit
811 1748 921 1827 imago,

103 1849 156 1901 ros
176 1836 202 1895 si
223 1852 318 1916 mare,
340 1837 368 1895 si
389 1841 497 1895 terram
522 1835 647 1917 cordist,
670 1837 696 1896 si
718 1834 846 1914 deniqne
869 1830 1004 1895 caelum?

176 1929 335 1984 conventus
357 1923 523 2005 bominum,
545 1942 695 2005 pompam,
718 1926 863 2004 convivia,
884 1940 1010 2003 pugnas,

176 2014 274 2072 omnia
296 2010 352 2072 sub
374 2010 502 2072 verbone
525 2018 606 2072 creat
627 2018 732 2072 natura
754 2007 918 2090 paratque?
1068 2029 1107 2071 777

176 2118 244 2161 eum
265 2102 440 2179 praesertim
463 2098 529 2159 eliis
552 2099 654 2159 eadem
676 2102 708 2159 in
730 2101 850 2176 regione
873 2097 997 2176 locoque

104 2202 162 2256 785
175 2187 261 2266 longe
284 2187 436 2248 dissimilis
459 2188 575 2247 animus
597 2205 646 2247 res
669 2188 778 2264 cogitet
800 2187 903 2245 omnis.

105 2292 158 2342 770
177 2276 248 2355 quid
270 2294 372 2358 porro,
394 2278 426 2336 in
448 2293 606 2336 numerum
628 2273 788 2353 procedere
812 2291 879 2334 cum
901 2272 1057 2333 simulacra

177 2366 326 2425 cernimus
348 2366 380 2423 in
403 2366 514 2424 somnis
537 2371 567 2424 et
589 2362 687 2423 mollia
709 2361 842 2422 membra
863 2378 994 2442 movere,

176 2452 287 2533 mollia,
309 2452 458 2512 mobiliter
480 2469 548 2512 cum
570 2450 692 2511 alternis
713 2450 851 2510 bracchia
873 2451 995 2510 mittunt
1070 2473 1109 2513 7οο

177 2547 208 2600 et
221 2547 367 2619 *repetunt
389 2539 455 2600 ollis
477 2546 594 2619 gestum
615 2540 690 2618 pede
713 2534 922 2600 convenienti?

105 2645 162 2696 790
178 2627 304 2710 seilicet,
326 2636 389 2689 arte
411 2629 530 2689 madent
551 2626 708 2688 simulacra
729 2634 760 2688 et
782 2627 867 2688 doctu
890 2633 1043 2707 vagantur,

106 2731 159 2784 770
176 2724 321 2776 nocturno
343 2717 440 2777 facere
462 2723 496 2777 ut
517 2718 633 2795 possint
654 2718 841 2795 intempore
864 2714 957 2775 ludos.

178 2822 215 2864 an
237 2806 329 2882 magis
351 2803 423 2865 illud
446 2807 504 2865 erit
525 2800 650 2865 verum?
686 2806 755 2884 quia
776 2810 909 2881 tempore
932 2805 964 2863 in
986 2821 1058 2885 uno,

176 2909 245 2954 oum
266 2893 424 2974 sentimus,
446 2894 476 2953 id
499 2899 546 2954 est
568 2911 636 2954 cum
657 2910 712 2951 vox
736 2893 881 2951 emittitur
903 2909 974 2971 una,
1071 2914 1109 2955 700

177 2986 310 3059 tempora
332 2979 423 3041 multa
445 2980 549 3061 latent,
571 2982 646 3041 ratic
670 2998 744 3058 quoe
767 2980 911 3057 comperit
933 2996 1013 3060 esse,

107 3084 162 3137 795
177 3074 334 3148 propterea
356 3069 390 3129 fit
411 3071 456 3128 uti
478 3069 581 3148 quovis
594 3071 635 3143 ,in
657 3074 790 3146 tempore
814 3085 947 3145 quaeque

107 3171 160 3222 780
177 3162 295 3236 praesto
318 3158 379 3216 sint
401 3156 557 3217 simulacra
579 3155 653 3216 locis
675 3157 707 3214 in
730 3157 855 3234 quisque
878 3161 987 3232 persta.

177 3251 257 3305 tantu
281 3251 327 3304 est
347 3243 495 3305 mobilitas
518 3251 548 3305 et
569 3261 670 3304 rerum
693 3245 777 3322 eopia
798 3249 887 3304 tanta.

596 3350 615 3389 0

177 3411 187 3503 tl
203 3419 260 3480 boc
283 3418 336 3480 ubi
358 3421 453 3498 primu
475 3421 553 3498 perit
575 3419 721 3498 alioquest
743 3417 833 3478 altere
856 3425 923 3479 notu
1069 3431 1107 3471 soo

178 3506 247 3568 inde
270 3515 360 3588 statu,
382 3510 465 3586 prior
486 3507 535 3568 hic
557 3513 673 3587 gestum
695 3513 824 3568 mutasse
847 3503 1009 3584 tinemut
