2430 3878
555 205 582 258 11

128 347 307 410 vermiculos
330 352 463 431 paviunt,
486 354 555 431 quia
578 371 701 432 corpora
722 357 857 416 materiai

51 453 116 506 900
129 439 259 517 antiquis
283 456 320 498 ex
344 439 497 500 ordinibus
518 449 652 520 permota
675 460 804 504 novare

131 526 327 588 conciliantur
349 529 390 587 ita
413 535 446 588 ut
468 528 578 589 debent
600 529 735 591 animalia
759 532 848 609 gigni.

132 614 252 694 deinde,
276 633 312 674 ex
336 615 494 677 sensilibus
519 620 570 695 qui
592 618 701 679 sensile
723 637 811 698 posse
835 621 931 681 creari

54 722 113 771 900
132 705 328 783 constituunt,
351 723 440 782 porro
464 723 500 765 ex
523 705 589 766 aliis
612 709 724 767 sentire
748 710 841 768 suetis

557 814 573 850 ss

131 878 230 940 mollia
253 897 321 940 cnm
344 881 469 941 iaciunt:
492 900 560 942 nam
584 901 689 944 sensus
712 885 845 963 iungitur
868 886 964 945 omnis

56 983 116 1036 905
129 968 294 1028 visceribus
317 971 416 1029 nervis
439 972 535 1050 venis,
559 989 633 1049 qnae
657 979 762 1033 cuncta
784 973 917 1033 videmus
1029 985 1069 1026 ⁹0⁶

132 1054 231 1115 mollia
254 1056 372 1117 mortali
395 1060 557 1118 consistere
582 1077 706 1137 corpore
730 1067 818 1121 creta.

132 1142 185 1203 sed
207 1151 306 1204 tamen
329 1151 392 1205 esto
415 1148 474 1205 iam
497 1163 584 1224 posse
607 1147 680 1207 baec
703 1154 822 1208 aeterna
844 1165 979 1208 manere:

58 1248 113 1299 905
132 1249 238 1310 nempe
261 1239 360 1292 tamen
384 1232 492 1294 debent
515 1241 565 1294 aut
588 1252 707 1296 sensum
729 1239 823 1315 partis
846 1236 955 1297 habere

132 1327 183 1380 aut
205 1319 296 1380 simili
318 1322 388 1381 totis
412 1321 587 1382 animalibus
610 1342 677 1383 esse
699 1326 805 1402 putari.

57 1425 115 1477 910
132 1414 162 1469 at
183 1417 331 1487 nequeant
353 1427 462 1488 perse
484 1419 584 1489 partes
607 1414 718 1472 sentire
742 1419 905 1473 necessest:
1028 1427 1069 1468 ero

132 1515 258 1575 namque
281 1493 381 1575 †ali0s
406 1516 511 1558 sensus
534 1499 735 1561 membrorum
757 1503 871 1580 respuit
894 1503 1004 1583 omnis,

132 1603 187 1645 neo
209 1602 314 1645 manus
337 1604 352 1644 a
376 1585 462 1646 nobis
485 1589 564 1664 potis
587 1595 633 1648 est
656 1595 769 1649 secreta
791 1607 888 1668 neque
910 1588 970 1650 ulla

59 1689 113 1740 910
132 1675 265 1752 corporis
288 1675 407 1733 omnino
431 1693 551 1735 sensum
573 1694 642 1754 pars
666 1676 727 1737 sola
749 1683 860 1738 tencre.

131 1760 277 1840 linquitur
300 1768 333 1822 ut
355 1764 426 1822 totis
450 1763 648 1824 animantibus
670 1764 892 1826 adsimulentur.

59 1865 115 1916 915
133 1852 176 1910 sio
198 1849 301 1909 itidem
325 1868 400 1928 quae
425 1853 569 1912 sentimus
592 1855 703 1912 sentire
726 1859 891 1934 necessest,
1028 1868 1068 1907 ovo

131 1937 212 1998 vitali
234 1944 268 1998 ut
289 1940 406 2017 possint
428 1942 596 2000 consentire
619 1940 750 2020 undique
774 1960 871 2002 sensu.
1028 1953 1069 1996 91⁵

133 2028 184 2105 qui
206 2033 347 2105 poterunt
369 2029 460 2105 igitur
482 2046 583 2088 rerum
605 2029 768 2107 primordia
791 2029 851 2090 diei

59 2129 113 2180 916
132 2121 162 2174 et
184 2113 236 2174 leti
258 2116 351 2174 vitare
375 2117 450 2195 vias,
473 2115 610 2176 animalia
633 2135 699 2177 cum
724 2120 796 2198 sint,

132 2208 219 2281 atque
242 2202 379 2263 animalia
402 2206 461 2263 sint
484 2203 659 2264 mortalibus
682 2223 740 2265 una
763 2201 946 2284 eademque?

57 2305 116 2358 920
130 2289 208 2368 quod
231 2297 330 2350 tamen
352 2298 386 2351 ut
407 2294 536 2372 possint,
559 2299 588 2352 at
611 2301 696 2353 coetu
720 2293 903 2372 concilioque

130 2377 173 2438 nil
195 2377 304 2438 facient
325 2386 443 2458 praeter
465 2379 583 2458 volgum
604 2379 780 2460 turbamque
803 2383 999 2461 animantum,
1027 2395 1068 2435 oso

131 2465 257 2547 seilicet,
279 2473 313 2528 ut
335 2475 482 2546 nequeant
503 2468 638 2528 homines
661 2475 793 2529 armenta
816 2470 953 2549 feraeque

57 2571 112 2620 ono
130 2556 209 2614 inter
232 2573 297 2614 sese
321 2554 409 2615 ullam
432 2574 495 2616 rem
518 2559 639 2635 gignere
664 2556 875 2618 conveniundo.
1027 2572 1067 2611 922

131 2642 209 2721 qnod
232 2645 259 2703 si
281 2643 356 2704 torte
380 2662 466 2704 suum
489 2644 641 2705 dimittunt
663 2664 787 2724 corpore
812 2664 932 2706 sensnm
1026 2661 1066 2700 ⁹24

56 2746 117 2798 925
129 2737 217 2809 atque
236 2729 325 2792 alium
344 2734 472 2813 capiunt,
491 2733 562 2811 quid
582 2751 655 2812 opus
675 2735 732 2794 luit
745 2733 874 2795 adtribui
889 2734 918 2793 id
934 2734 1011 2812 quod
1027 2747 1066 2787 ⁹2⁵

131 2815 318 2880 detrahitur?
353 2826 416 2880 tum
438 2828 605 2902 praeterea,
629 2822 706 2900 quod
729 2823 856 2882 vidimus
879 2829 960 2902 ante,

130 2913 276 2985 quatenus
298 2909 330 2967 in
352 2907 448 2985 pullos
472 2909 607 2969 animalis
630 2912 739 2970 vertier
763 2929 815 2970 ova

56 3011 110 3061 925
129 2997 279 3056 cernimus
303 2995 437 3076 alituum,
461 3000 629 3076 vermisque
653 2999 809 3078 effervere,
832 3005 942 3058 terram

129 3085 352 3163 intempestivos
377 3102 466 3163 quom
488 3093 577 3164 putor
600 3088 679 3164 cepit
702 3085 739 3145 ob
762 3086 880 3167 imbris,

56 3185 113 3238 930
127 3173 204 3232 scire
227 3171 297 3233 licet
319 3174 400 3252 gigni
422 3191 510 3252 posse
534 3192 570 3234 ex
593 3193 653 3235 non
676 3173 805 3234 sensibu'
829 3192 942 3235 sensus.
1026 3188 1066 3229 9³0

172 3259 257 3330 Quod
281 3262 307 3320 si
328 3261 405 3321 forte
428 3260 536 3340 aliquis
560 3262 651 3343 dicet,
674 3262 836 3343 dumtaxat,
859 3265 932 3323 oriri

79 3398 84 3409 .
126 3365 215 3426 posse
239 3367 275 3408 ex
297 3367 357 3409 non
381 3367 470 3410 sensu
494 3369 599 3411 sensus
623 3350 831 3431 mutabilitate,

53 3451 108 3500 930
127 3443 178 3497 aut
200 3435 298 3516 aliquo
320 3444 470 3517 tamqnam
492 3445 592 3519 partu,
616 3458 674 3518 quo
697 3438 833 3518 proditur
856 3447 952 3521 extra,

125 3525 197 3586 huic
219 3527 292 3585 satis
315 3525 386 3587 illud
411 3529 468 3588 erit
489 3527 614 3609 planum
635 3528 737 3591 iacere
759 3535 852 3609 atque
870 3528 1027 3607 probare,
