2430 3878
97 147 140 212 52
582 147 610 202 Π

168 296 265 356 vitalis
288 302 385 356 motus
408 297 576 356 consentire
600 303 687 373 atque
710 297 828 356 imitari.

168 384 220 445 sed
243 401 281 444 ne
304 384 379 444 forte
402 391 489 462 putes
512 384 648 446 animalia
672 383 734 444 sola
756 386 854 445 teneri

168 472 284 551 legibus
306 472 402 552 hisce,
425 470 528 532 eadem
550 474 625 532 ratio
649 472 835 533 disterminat
857 473 954 533 omnis

592 580 610 617 *

99 665 157 716 720
169 667 238 709 nam
260 648 350 708 veluti
372 654 433 707 tota
456 656 559 708 natura
584 649 742 709 dissimiles
766 655 835 709 sunt
1071 663 1112 704 aso

100 753 151 803 720
170 739 249 797 inter
277 755 308 797 se
335 738 450 815 genitae
473 754 522 796 res
546 755 693 818 quaeque,
720 739 760 797 ita
784 755 930 816 quamque
952 745 1112 799 necessest

171 824 308 884 dissimili
331 832 465 884 constare
490 826 581 903 ligura
603 827 832 906 principiorum,
1070 841 1110 880 aas

100 929 158 981 725
170 916 282 974 semina
305 931 372 974 cum
394 930 484 991 porro
507 912 630 994 distent,
653 913 772 973 differre
795 921 952 974 necessust
1070 927 1110 969 us

171 1000 324 1061 intervalla
346 1003 407 1060 vias
430 1019 560 1061 conexus
582 1001 714 1080 pondera
735 1000 835 1080 plagas
1026 998 1028 1002 ’

172 1106 334 1150 concursus
356 1094 467 1170 motus3
491 1107 565 1168 quae
588 1108 648 1149 non
671 1089 807 1149 animalia
831 1088 927 1150 solum

100 1191 153 1242 775
172 1196 295 1257 corpora
318 1180 489 1257 seiungumt,
512 1177 564 1237 sed
587 1184 682 1237 terras
706 1196 740 1238 ac
762 1195 843 1238 mare
865 1185 961 1239 totum

173 1273 332 1326 secernunt
354 1264 525 1343 caelumque
548 1284 565 1325 a
587 1268 676 1326 terris
700 1284 785 1326 omne
808 1272 966 1326 retentant.

100 1369 156 1420 730
214 1353 299 1414 Nunc
322 1372 375 1432 age
398 1353 475 1413 dicta
497 1372 563 1413 meo
587 1353 666 1414 dulci
691 1356 824 1432 quaesita
845 1353 945 1414 labore
1070 1369 1110 1409 aso

172 1444 306 1522 percipe,
328 1460 366 1501 ne
388 1441 464 1500 forte
487 1441 559 1502 baec
581 1441 656 1501 albis
680 1460 715 1501 ex
738 1442 803 1502 alba
825 1445 919 1502 rearis

172 1531 327 1608 principiis
350 1547 429 1608 esse,
451 1536 518 1589 ante
543 1529 642 1590 oculos
666 1548 740 1609 quae
764 1529 887 1590 candida
910 1534 1022 1613 cernis,

99 1634 155 1683 ’730
174 1624 224 1677 aut
246 1636 280 1677 ea
303 1635 377 1696 quae
400 1619 518 1694 nigrant
539 1621 623 1696 nigro
647 1618 683 1677 de
707 1621 820 1678 semine
842 1626 923 1700 nata3

173 1709 240 1765 nive
264 1705 353 1765 alium
377 1708 508 1783 quemvis
532 1725 606 1784 quae
630 1713 700 1766 sunt
722 1706 823 1766 induta
847 1705 989 1788 colorem,

103 1809 158 1861 735
175 1800 332 1873 propterea
353 1811 457 1871 gerere
479 1793 558 1853 bunc
581 1794 697 1874 credas,
721 1794 798 1873 quod
821 1797 957 1856 materiai
1068 1809 1109 1850 us

173 1900 296 1961 corpora
319 1880 467 1941 consimili
490 1883 549 1941 sint
572 1884 635 1941 eius
658 1884 750 1943 tincta
773 1881 884 1943 colore:

173 1970 271 2030 nullus
295 1972 374 2030 enim
398 1968 478 2029 color
501 1976 546 2029 est
569 1972 688 2030 omnino
710 1973 844 2031 materiai

104 2073 155 2123 735
174 2057 360 2139 corporibus,
382 2075 479 2137 neque
502 2075 555 2136 par
577 2057 667 2119 rebus
690 2077 786 2138 neque
810 2059 937 2138 denique
961 2060 1071 2141 dispar.

173 2150 205 2208 in
229 2164 302 2226 quae
327 2163 449 2225 corpora
472 2147 499 2205 si
521 2145 619 2206 nullus
641 2147 697 2206 tibi
719 2148 795 2208 forte
817 2146 933 2209 videtur

103 2251 157 2302 740
172 2253 260 2315 posse
283 2237 372 2294 animi
396 2236 522 2295 iniectus
545 2236 622 2315 fieri,
645 2235 748 2314 procul
771 2238 852 2296 avius
876 2253 966 2296 erras.
1068 2251 1110 2292 aso

173 2342 241 2385 nam
264 2342 331 2383 cum
354 2324 515 2403 caecigeni,
539 2324 610 2383 solis
633 2325 685 2403 qui
706 2323 818 2384 lumina
840 2341 1000 2403 numquam

174 2412 343 2491 dispexere,
365 2419 464 2471 tamen
486 2418 664 2489 cognoscant
687 2430 809 2490 corpora
831 2419 925 2492 tactu,

105 2516 156 2566 740
175 2518 212 2559 ex
234 2502 354 2559 ineunte
377 2517 461 2578 aevo,
483 2498 563 2559 nullo
587 2502 743 2560 coniuncta
766 2499 878 2580 colore,
1068 2516 1109 2556 aas

175 2589 252 2647 scire
274 2585 345 2646 licet
367 2592 484 2646 nostrae
508 2604 624 2665 quoque
647 2590 739 2648 menti
763 2606 885 2667 corpora
907 2605 995 2667 posse

158 2674 251 2734 'vorti
273 2676 304 2733 in
326 2676 460 2734 notitiam
482 2673 563 2734 nullo
586 2678 698 2736 circum
720 2675 771 2736 lita
793 2677 869 2736 luco.
1069 2692 1110 2733 us

104 2778 159 2830 745
175 2763 301 2841 denique
325 2780 378 2822 nos
401 2763 460 2841 ipsi
483 2765 577 2823 caecis
600 2782 802 2843 quaecumque
824 2763 957 2825 tenebris

174 2853 335 2931 tangimus,
357 2851 434 2911 haud
457 2849 516 2910 ullo
540 2854 683 2912 sentimus
705 2855 797 2912 tincta
821 2852 927 2912 colore.

105 2956 156 3006 745
176 2939 253 3019 quod
277 2942 415 3019 quoniam
437 2942 522 2999 vinco
546 2941 623 3020 lieri,
645 2959 725 3001 nunc
747 2958 812 3001 esse
836 2940 947 3000 docebo

596 3046 614 3085 s

175 3119 271 3176 omnis
294 3118 373 3177 enim
396 3116 476 3176 color
499 3118 618 3176 omnino
640 3125 771 3178 mutatur
794 3124 823 3177 et
847 3119 942 3178 omnis

597 3224 614 3261 *

105 3310 160 3362 750
174 3292 252 3372 quod
276 3293 371 3353 lacere
394 3292 471 3354 baud
494 3293 554 3354 ullo
578 3293 686 3353 debent
707 3294 869 3373 primordia
891 3301 986 3372 pacto.
1071 3306 1109 3347 ato

176 3381 356 3442 immutabile
380 3384 460 3442 enim
483 3380 621 3460 quiddam
645 3400 783 3460 superare
807 3389 972 3462 necessest,

243 3466 322 3547 [723
342 3469 399 3549 su]
415 3497 456 3520 =
472 3467 535 3532 336
555 3489 598 3549 sq.
637 3466 699 3532 743
718 3481 786 3550 post
806 3466 868 3533 748
888 3469 920 3530 L.
939 3470 971 3530 B.
