2430 3878
584 194 623 250 VI
1043 194 1106 260 185

172 343 345 421 concipiunt
367 344 455 403 etiam
477 341 603 402 multum
626 360 743 422 quoque
767 360 853 422 saepe
876 345 1023 404 marinum

171 448 319 512 umorem,
343 430 434 491 001011
454 430 613 509 pendentia
636 429 744 491 0011000
765 429 849 492 lanae

67 557 71 562 -
98 525 157 578 505
173 537 240 580 eum
263 537 371 598 supera
393 536 532 596 maguum
553 536 634 579 mare
658 521 738 579 00011
759 518 861 579 nubila
882 525 1008 597 portant.
1067 541 1105 582 coo

173 607 321 668 consimili
342 609 457 667 ratione
480 625 518 667 ex
541 606 677 668 omnibus
700 607 836 668 amnibus
858 624 943 668 umor

99 711 153 763 500
171 695 284 757 tollitur
306 697 338 756 in
360 694 457 755 uubis
494 714 552 775 quo
576 713 643 756 cum
664 695 740 756 bene
764 697 877 756 semina
899 714 1039 774 aquarum

82 829 84 832 ψ
171 783 272 845 multa'
285 782 381 844 modis
403 783 504 844 multis
528 801 690 844 convenere
713 784 845 862 undique
867 783 1001 866 adaucta,

173 872 321 932 confertae
344 870 439 932 nubes
460 867 571 933 1001010
594 869 748 934 demittere
772 879 886 933 0001001

100 967 155 1019 510
172 959 341 1040 dupliciter:
364 977 432 1020 nam
454 962 499 1020 vis
522 963 602 1020 venti
625 960 786 1041 contrudit,
809 963 926 1040 etipsa
1065 983 1105 1024 uo

173 1050 257 1127 copia
280 1047 448 1109 nimborum
469 1047 557 1108 turba
578 1051 690 1109 maiore
714 1056 814 1110 coacta

100 1151 154 1202 505
172 1142 271 1217 urget,
294 1136 331 1197 de
355 1154 463 1215 supero
485 1139 607 1218 premit,
630 1156 663 1198 ac
686 1138 756 1198 facit
779 1137 900 1198 effluere
922 1137 1035 1198 imbris.

172 1232 325 1304 praeterea
347 1243 414 1285 cum
436 1232 592 1286 rarescunt
614 1243 730 1304 quoque
753 1224 854 1286 nubila
876 1228 971 1286 ventis

172 1319 223 1374 aut
244 1312 456 1394 dissolvuntur,
479 1311 550 1374 solis
578 1331 668 1392 super
689 1315 749 1374 icta
771 1313 880 1395 calore,

100 1407 157 1460 515
171 1403 293 1462 mittunt
314 1419 448 1463 umorem
470 1400 614 1482 pluvium,
638 1400 818 1482 stillautque,
842 1403 926 1481 quasi
945 1403 1007 1480 igni
1065 1423 1104 1464 na

173 1508 241 1551 cera
263 1508 353 1569 super
376 1488 469 1551 calido
492 1489 647 1551 tabescens
669 1488 762 1551 multa
783 1489 935 1569 liquescat.

99 1594 154 1644 510
173 1578 224 1639 sed
247 1597 367 1639 vemens
390 1578 485 1639 imber
507 1580 553 1659 111,
575 1577 628 1639 ubi
650 1585 801 1639 vementer
822 1584 947 1657 utraque

173 1666 273 1728 nubila
296 1669 325 1728 01
347 1665 493 1728 cumulata
515 1672 690 1746 premuntur
713 1673 743 1727 et
765 1669 873 1746 impete
896 1669 984 1727 venti.

173 1762 259 1834 atque
282 1763 386 1816 100000
409 1755 460 1816 diu
483 1755 599 1834 pluviae
621 1755 800 1834 longumque
822 1758 933 1815 morari

100 1850 160 1903 520
170 1849 362 1924 consuerunt,
385 1842 551 1904 ubimulta
573 1846 688 1905 cientur
711 1846 822 1905 semina
845 1861 999 1923 aquarum,
1064 1867 1104 1907 no

172 1939 259 2010 atque
282 1931 347 1992 aliis
369 1931 442 1991 aliae
465 1931 560 1992 nubes
582 1931 734 2010 nimbique
757 1934 886 2010 rigantes

101 2035 153 2086 515
172 2022 294 2098 insuper
317 2026 405 2097 atque
428 2021 509 2079 omni
531 2018 617 2097 vulgo
640 2019 675 2080 de
699 2026 782 2098 parte
804 2020 953 2100 feruntur,

170 2114 309 2186 terraque
332 2125 400 2168 eum
422 2108 538 2167 fumans
560 2125 694 2168 umorem
716 2114 777 2167 tota
798 2107 937 2167 redhalat.

172 2195 221 2256 hic
242 2195 295 2256 ubi
317 2195 362 2255 001
384 2195 488 2275 radiis,
511 2201 716 2274 tempestatem
740 2197 819 2255 10100
842 2212 975 2276 opacam,

102 2290 155 2342 525
172 2283 293 2344 adversa
315 2281 400 2362 fulgit
423 2283 591 2344 nimbomm
614 2285 767 2362 aspargine
791 2290 905 2364 contra,
1063 2308 1103 2350 aaa

172 2378 234 2432 tum
258 2369 338 2432 color
360 2374 392 2432 in
414 2374 508 2450 nigris
532 2373 632 2432 existit
653 2370 781 2431 nubibus
805 2373 898 2450 arqui.

100 2477 153 2526 5οο
216 2458 321 2520 Cetera
348 2478 422 2538 quae
450 2478 567 2521 sursum
593 2467 730 2520 crescunt
752 2478 929 2540 sursumque
951 2472 1102 2544 creantur,

172 2553 203 2608 et
225 2566 299 2626 quae
322 2555 517 2609 concrescunt
538 2551 570 2609 in
592 2546 734 2630 nubibus,
758 2550 869 2629 omnia,
890 2567 1028 2628 prorsum

172 2638 282 2716 omnia,
304 2638 355 2697 nir
377 2639 458 2697 00011
480 2636 590 2715 grando
614 2635 784 2716 gelidaeque
806 2639 930 2716 pruinae

100 2725 268 2794 53001010
290 2742 395 2802 magna
418 2724 488 2805 geli,
511 2742 649 2803 maguum
671 2724 814 2785 duramen
837 2744 991 2805 aquarum,
1062 2749 1102 2790 seo

175 2803 227 2892 1101
249 2831 330 2874 mora
354 2833 427 2892 0000
450 2815 556 2875 duvios
577 2816 687 2894 passim
710 2815 840 2875 refrenat
862 2816 971 2892 euntis,
985 2807 994 2894 ll

98 2920 151 2971 505
169 2902 339 2983 perfacilest
359 2910 458 2962 tamen
481 2901 553 2962 haec
577 2902 708 2980 reperire
732 2901 888 2977 animoque
911 2897 1010 2959 videre

170 2994 267 3052 omnia
290 3008 347 3070 quo
370 2997 454 3068 pacto
476 2991 549 3050 fiant
571 3007 628 3067 qua
650 3006 719 3048 reve
742 2993 893 3066 creentur,

170 3097 237 3140 eum
259 3078 335 3139 bene
358 3079 494 3157 cognoris
517 3077 672 3138 elementis
694 3075 808 3136 reddita
832 3093 905 3154 quae
929 3076 997 3135 siut.
1062 3096 1101 3136 oei

593 3184 610 3223 1

213 3253 362 3333 Principio
385 3272 466 3314 mare
489 3255 634 3314 mirantur
656 3271 716 3313 000
738 3252 862 3313 reddere
885 3253 980 3312 maius
1061 3269 1101 3309 eoa

169 3350 317 3424 naturam,
340 3362 397 3423 quo
421 3345 461 3403 sit
481 3348 581 3402 100100
604 3342 747 3402 decursus
771 3358 925 3420 aquarum,

98 3447 152 3498 550
170 3434 267 3492 omnia
291 3434 485 3511 0000001001
508 3448 544 3490 ex
568 3433 648 3491 omni
670 3429 791 3490 flumina
813 3434 905 3508 parte.
1062 3450 1101 3490 oro

98 3526 152 3578 511
170 3520 243 3580 adde
266 3538 353 3599 vagos
377 3519 481 3580 imbris
503 3525 753 3600 tempestatesque
775 3517 924 3597 volantes,
