2430 3878
99 184 201 238 XXXII
460 181 743 238 PROLEGOMENA.

189 330 264 390 Srmt
299 337 396 390 autem
433 329 507 389 duae
544 346 604 406 res,
640 329 747 408 quihus
783 335 851 408 post
886 328 1107 390 Lachmannum

100 418 220 479 Lucreti
238 418 367 477 editores
386 419 471 495 quasi
493 419 524 476 in
541 423 659 495 patente
679 416 814 477 licentiae
834 435 937 496 campo
955 436 1016 478 non
1038 436 1106 478 raro

101 507 222 567 effusius
237 512 392 565 currentes
406 505 584 565 ceciderunt.
618 523 684 565 cum
701 508 780 565 enim
793 505 973 566 Lachmanni
987 508 1107 583 ingenio

101 595 209 655 lactum
228 601 316 674 esset,
334 600 367 652 ut
386 592 455 671 quid
478 595 509 652 in
529 610 644 670 quaque
663 593 814 673 archetypi
834 596 939 673 pagina
962 596 1106 673 scriptum

101 683 205 743 fuisset
232 689 261 742 et
280 700 337 760 quo
362 683 504 758 cuiusque
522 683 645 759 paginae
667 681 733 741 loco
757 684 881 760 quisque
904 699 1008 742 versus
1032 684 1106 742 exti-

100 773 186 833 tisset
205 772 275 830 sciri
288 776 397 848 posset,
412 786 537 847 cumque
556 769 634 829 idem
654 769 885 830 demonstrasset
897 769 1107 831 nonnullarum

100 861 272 938 paginarum
304 864 403 936 partes
434 858 550 916 infimas
581 859 724 917 rescissas
756 858 859 938 fuisse,
887 858 1021 919 nonnulli
1049 860 1108 918 viri

101 948 180 1008 docti
202 949 233 1007 in
256 945 401 1026 versihuS,
424 963 497 1023 quos
520 947 552 1004 in
575 945 720 1005 eiusmodi
743 946 893 1024 archetypi
915 945 988 1007 locis
1012 948 1107 1025 scrip-

101 1044 147 1097 tos
179 1035 269 1095 fuisse
302 1036 415 1094 ratione
449 1031 592 1093 subducta
623 1035 808 1114 invenerant,
835 1051 873 1093 ne
902 1034 1108 1095 audacissimis

101 1123 220 1203 quidem
247 1121 459 1182 mutationibus
489 1120 695 1181 abstinendum
725 1128 878 1202 putarunt,
906 1140 940 1182 ea
971 1140 1108 1182 nonnun-

103 1230 191 1291 quam
216 1213 418 1289 immutantes,
446 1227 521 1288 quae
549 1211 703 1269 sanissima
735 1228 800 1270 esse
832 1217 898 1289 post
924 1209 1109 1272 intellectum

32 1328 34 1335 v
102 1308 155 1361 cst.
197 1298 282 1359 aliam
308 1298 451 1377 peccandi
474 1299 723 1376 opportunitatem
745 1297 953 1375 glossematum
976 1301 1108 1376 suspicio

102 1388 194 1467 dedit,
223 1387 258 1447 ad
287 1404 374 1465 quam
402 1393 470 1445 sunt
497 1388 549 1463 qui
575 1387 663 1444 nimis
691 1384 775 1445 facile
804 1386 962 1463 confugere
985 1386 1108 1447 soleant.

102 1482 148 1535 est
175 1482 273 1535 autem
300 1478 331 1534 in
359 1481 420 1533 toto
444 1474 573 1532 carmine
600 1491 637 1533 ne
666 1492 758 1533 unum
781 1475 900 1552 quidem
922 1473 1109 1552 glossematis

102 1565 259 1640 vestigium
295 1568 417 1622 certum.
467 1563 498 1620 in
534 1578 591 1638 quo
624 1579 732 1639 genere
763 1564 809 1621 vir
839 1561 911 1622 alias
943 1564 1110 1623 acutissimi

103 1652 207 1712 iudicii
243 1657 272 1710 et
309 1667 438 1709 summae
474 1648 648 1726 prudentiae
680 1648 856 1728 Bernaysius
892 1669 963 1729 prae
999 1653 1110 1711 ceteris

102 1741 234 1819 peccavit
261 1740 430 1816 insigniter,
453 1754 520 1796 cum
547 1737 637 1815 praei.
661 1756 688 1815 p.
713 1737 751 1796 Xl
779 1740 898 1816 scripsit
924 1737 942 1798 l.
966 1737 992 1797 ll
1014 1756 1040 1799 v.
1064 1737 1109 1801 42

102 1824 236 1907 mauri
249 1843 314 1885 esse
329 1825 473 1904 glossema
483 1823 518 1884 ab
528 1826 612 1884 initio
623 1824 659 1883 ad
667 1821 815 1887 subsidiis
824 1825 1014 1907 adscriptum,
1024 1829 1111 1905 quasi

104 1932 279 1994 quemquam
307 1915 425 1973 omnino
449 1911 485 1971 ad
507 1930 627 1972 carmen
648 1911 856 1973 lucretianum
878 1913 1035 1991 legendum
1058 1915 1111 1975 ad·

104 2021 237 2081 gressum
257 2020 322 2062 esse
341 1999 481 2061 credibile
506 2003 552 2080 sit,
576 2003 627 2079 qui
650 2001 720 2079 quid
744 2008 844 2061 essent
864 1999 1004 2063 subsidio
1024 2004 1110 2080 igno-

104 2098 190 2151 raret.
240 2093 299 2150 iam
329 2096 400 2167 puto
432 2091 580 2148 neminem
612 2091 788 2150 miraturum
820 2107 899 2170 esse,
923 2090 1000 2168 quod
1030 2091 1111 2151 intra

104 2179 249 2240 eiusmodi
276 2181 406 2257 inventa,
433 2179 464 2236 in
492 2176 598 2255 quihus
625 2179 716 2237 nimia
743 2179 782 2237 sit
809 2177 940 2257 licentia,
967 2177 1110 2258 pleraque

104 2286 141 2329 ne
177 2267 467 2328 commemoraverim
498 2264 625 2344 quidem.
690 2266 762 2325 haee
798 2266 834 2326 de
870 2265 998 2347 legibus,
1035 2286 1110 2345 quas

103 2358 289 2436 potissimum
312 2357 344 2414 in
367 2356 496 2414 carmine
520 2353 701 2413 emendando
726 2360 844 2414 secutus
868 2372 941 2415 sum.

192 2443 256 2514 Quo
274 2445 306 2502 in
322 2444 440 2519 negotio
459 2439 593 2519 pluribus
613 2440 685 2500 locis
704 2459 763 2500 non
782 2441 971 2501 mediocriter
990 2440 1109 2502 adiutus

105 2550 171 2591 sum
189 2529 381 2610 epistularum
404 2530 589 2609 commercio,
613 2528 691 2607 quod
714 2529 786 2588 mihi
809 2547 876 2589 cum
895 2528 999 2589 Carolo
1021 2528 1109 2589 Gius-

106 2637 175 2680 sano
204 2619 259 2678 fuit
285 2615 507 2696 Mediolanensi,
532 2618 594 2675 viro
623 2624 656 2677 ut
682 2618 828 2694 imprimis
856 2617 941 2678 docto
970 2624 1000 2677 et
1022 2625 1109 2677 acuto

105 2711 144 2768 ita
180 2705 406 2784 humanissimo,
442 2706 494 2783 qui
529 2722 595 2764 cnm
631 2704 803 2783 propediem
834 2703 1004 2765 Lucretium
1041 2724 1110 2765 cum

105 2795 315 2856 commentario
348 2792 445 2852 ltalice
476 2794 586 2870 scripto
618 2792 654 2852 ah
687 2810 718 2852 se
751 2793 862 2853 editum
890 2794 928 2852 iri
953 2793 1027 2852 mihi
1054 2811 1111 2872 per

105 2883 218 2943 litteras
249 2883 427 2961 nuntiasset,
459 2882 737 2940 communicavimus
769 2883 847 2941 inter
874 2898 941 2960 nos,
973 2879 1044 2958 quid
1072 2880 1109 2941 de

105 2971 178 3031 locis
210 2988 269 3029 non
296 2972 397 3048 paucis
425 2971 610 3028 sentiremus.
666 2970 750 3028 cuius
777 2971 833 3028 viri
860 2986 1014 3028 assensum
1041 2987 1110 3029 cum

105 3058 226 3138 plurimi
249 3058 361 3138 faciam,
384 3075 442 3117 non
465 3074 532 3116 raro
556 3059 674 3116 nomine
697 3058 762 3116 eius
786 3057 898 3116 adiecto
922 3075 939 3116 a
960 3075 1008 3118 me
1031 3056 1109 3117 indi-

106 3149 168 3207 cari
189 3146 311 3206 videbis.

193 3234 226 3294 ln
245 3234 479 3312 orthographicis
497 3231 579 3292 nolui
598 3231 713 3310 longius
731 3250 748 3291 a
765 3231 944 3293 Lachmanni
957 3232 1111 3312 Bernaysii

105 3322 258 3384 Munronis
286 3321 435 3382 scribendi
459 3323 575 3381 >ratione
602 3322 621 3380 i.
644 3339 669 3382 e.
697 3339 713 3380 a
739 3319 881 3380 librorum
903 3340 993 3382 mann
1015 3323 1110 3401 scrip·

105 3419 203 3474 torum
223 3412 400 3490 optimorum
419 3409 475 3468 lide
495 3407 660 3490 discedere,
680 3425 812 3491 quorum,
824 3411 1028 3469 auctoritatem
1042 3429 1110 3471 cum

99 3499 170 3557 aliis
189 3501 224 3557 in
244 3497 337 3559 rebus
359 3505 423 3558 tum
446 3498 534 3556 etiam
557 3498 588 3556 in
608 3498 832 3560 consonantium
849 3496 1109 3559 assimilationihus
