2430 3878
572 183 586 238 Ῑ
1039 187 1081 252 15

142 347 213 390 nam
236 347 420 409 quacumque
444 338 526 391 vacat
548 333 689 414 spatium,
718 332 796 411 quod
821 334 907 395 inane
931 352 1082 417 vocamus,

144 435 253 498 corpus
277 436 311 478 ea
333 436 393 479 non
417 425 475 479 est:
499 437 556 497 qua
579 437 668 498 porro
693 438 817 500 cumque
840 429 923 483 tonet
945 441 977 484 se

144 524 266 586 corpus,
289 524 324 567 ea
345 524 470 567 vacuum
493 525 679 586 nequaquam
702 515 816 570 constat
838 511 932 571 inane.

70 601 127 654 510
144 601 215 655 sunt
236 596 328 673 igitur
351 594 444 655 solida
467 613 500 655 55
524 597 587 656 sino
610 597 693 656 inani
716 615 838 676 corpora
861 600 965 678 prima.
1040 612 1083 655 no

71 688 126 740 505
144 690 298 762 praeterea
322 685 461 763 quoniam
484 685 591 762 genitis
614 686 647 745 in
668 684 758 746 rebus
780 688 910 768 inanest,

144 773 297 832 materiem
321 773 433 832 circum
456 771 579 832 solidam
602 781 737 834 constare
755 783 921 856 necessest3

143 877 200 921 nec
221 876 272 920 res
294 858 354 921 ulla
376 866 474 938 potest
496 878 565 921 vera
588 863 701 922 ratione
724 861 844 940 probari

144 965 269 1027 corpore
292 950 380 1008 inane
403 966 456 1009 suo
480 948 576 1009 celare
599 956 686 1028 atque
709 952 789 1011 intus
812 950 934 1031 habere,

72 1041 128 1095 515
144 1038 171 1097 si
193 1054 266 1117 non,
289 1036 368 1116 quod
391 1036 522 1118 cohibet,
546 1036 672 1098 solidum
695 1045 830 1099 constare
853 1039 1016 1117 relinquas:
1040 1052 1081 1095 55

72 1131 126 1181 510
145 1123 175 1185 id
199 1141 289 1204 porro
311 1123 353 1185 nil
375 1143 442 1186 esse
465 1132 564 1203 potest
585 1127 646 1185 nisi
667 1128 801 1187 materiai

146 1212 317 1294 concilium,
340 1213 418 1292 quod
441 1215 528 1273 inane
552 1221 641 1292 queat
662 1231 763 1275 rerum
786 1214 933 1276 cohibere.

145 1303 284 1362 materies
307 1303 411 1382 igitur,
435 1301 528 1362 solido
553 1320 627 1380 quac
651 1320 774 1381 corpore
798 1310 924 1384 constat,

146 1407 212 1450 esse
234 1397 353 1450 aeterna
375 1396 486 1470 potest,
509 1408 577 1450 cum
600 1397 698 1451 cetera
720 1389 930 1453 dissoluantur.

71 1484 130 1538 520
144 1485 209 1539 tum
230 1496 320 1557 porro
344 1479 370 1539 si
392 1478 435 1538 nil
458 1485 537 1538 esset
560 1479 636 1556 quod
660 1481 746 1539 inane
769 1487 898 1560 vacaret,
1039 1494 1080 1536 am

71 1573 125 1624 515
146 1583 232 1626 omne
254 1566 331 1626 soret
354 1566 493 1627 solidum:
516 1568 575 1626 nisi
598 1574 701 1628 contra
724 1585 847 1647 corpora
870 1576 951 1629 certa

145 1660 259 1734 essent,
282 1672 355 1733 quae
379 1653 444 1715 loca
466 1654 647 1733 complerent
670 1673 872 1735 quaecumque
895 1663 1044 1738 tenerent,

146 1760 232 1803 omne
255 1743 333 1821 quod
356 1749 402 1803 est
424 1744 564 1824 spatium,
586 1762 710 1804 vacuum
733 1752 882 1805 constaret
904 1747 1000 1806 inane.

145 1829 266 1891 alternis
289 1832 392 1911 igitur,
415 1832 568 1912 nimirum,
592 1850 699 1912 corpus
722 1834 804 1894 inani

568 1938 586 1977 a

70 2015 131 2069 525
145 2007 357 2087 distinctumst,
381 2008 518 2085 quoniam
542 2026 596 2069 nec
619 2007 738 2087 plenum
760 2012 874 2070 naviter
898 2016 977 2071 extat
1039 2023 1078 2066 aaa

69 2105 201 2157 beonoc
222 2113 311 2175 porro
334 2113 471 2156 vacuum:
495 2103 564 2156 sunt
587 2115 656 2175 ergo
680 2116 803 2175 corpora
827 2106 919 2179 certa,

144 2202 220 2264 quae
244 2185 371 2263 spatium
392 2183 480 2263 pleno
503 2187 618 2263 possint
641 2185 822 2264 distinguere
845 2188 940 2247 inane.

142 2273 216 2334 baec
238 2290 335 2350 neque
358 2271 482 2333 dissolui
503 2272 597 2351 plagis
620 2275 804 2334 extrinsecus
826 2275 884 2334 icta

143 2368 269 2441 possunt
290 2378 346 2421 nec
368 2378 457 2439 porro
480 2362 599 2440 penitus
621 2368 773 2440 penetrata
795 2363 890 2422 retexi

68 2458 129 2512 530
143 2467 199 2511 555
221 2451 334 2510 ratione
358 2456 471 2528 qucum
493 2448 548 2510 alia
570 2456 710 2528 temptata
732 2448 839 2510 labare.
1037 2464 1078 2505 ceo

70 2546 125 2598 525
143 2555 212 2599 nam
234 2555 329 2615 neque
353 2536 463 2598 conlidi
486 2540 550 2599 sine
573 2539 653 2598 inani
676 2555 762 2616 posse
785 2538 901 2599 ridetur
1038 2554 1077 2594 aaa

144 2627 301 2706 quicquam
323 2643 379 2687 nec
401 2626 496 2705 frangi
519 2644 573 2686 nec
596 2625 668 2685 lindi
691 2628 722 2686 in
743 2625 813 2687 bina
836 2627 961 2688 secando

142 2732 207 2775 nec.
222 2732 328 2794 capere
350 2732 484 2775 umorem
506 2732 602 2793 neque
625 2716 697 2774 item
719 2715 863 2775 manabile
887 2716 979 2793 lrigus

69 2809 126 2863 535
141 2821 198 2864 555
219 2802 401 2882 penetralem
424 2804 535 2884 ignem,
558 2802 666 2881 quibus
689 2805 786 2863 omnia
809 2803 1016 2884 conficiuntur3
1036 2816 1076 2858 aaa

142 2897 173 2952 ct
195 2909 253 2969 quo
278 2909 411 2970 quaeque
433 2893 526 2969 magis
550 2890 668 2951 cohibet
689 2909 738 2951 res
761 2893 841 2951 intus
864 2893 966 2971 inane,

69 2988 123 3038 530
140 2986 202 3040 tam
225 2981 318 3059 magis
341 2979 387 3039 his
410 2978 499 3039 rebus
522 2982 641 3058 penitus
664 2986 804 3058 temptata
827 2977 957 3039 labascit.

139 3061 150 3151 ll
163 3067 194 3128 id
218 3067 296 3147 quod
319 3069 377 3128 iam
397 3085 503 3147 supera
521 3067 576 3128 tibi
593 3066 680 3146 paulo
700 3067 882 3128 ostendimus
902 3065 1006 3150 antefl
1035 3081 1075 3124 aaa

141 3174 212 3235 ergo
236 3158 262 3216 si
285 3155 376 3217 solida
396 3175 429 3216 55
453 3158 516 3216 sina
539 3157 621 3216 inani
643 3174 766 3235 corpora
788 3157 883 3234 prima

141 3252 211 3306 sunt
233 3246 274 3305 ita
296 3247 340 3305 uti
363 3245 463 3324 docui,
486 3246 546 3304 sint
567 3244 640 3304 haec
663 3252 781 3305 aeterna
803 3252 963 3307 necessest.

67 3341 123 3392 540
184 3333 340 3394 Praeterea
362 3335 421 3393 nisi
443 3334 582 3393 materies
605 3340 725 3393 aeterna
746 3332 863 3414 luisset,
1036 3346 1076 3389 aaa

67 3429 119 3480 535
140 3421 263 3483 antehac
286 3421 322 3482 ad
345 3421 438 3482 nilum
460 3423 578 3500 penitus
601 3439 650 3481 res
675 3439 808 3500 quaeque
831 3422 992 3504 redissent,

140 3511 177 3572 de
199 3510 319 3589 niloque
341 3516 442 3570 renata
466 3510 562 3570 forent
586 3527 790 3593 quaecumque
810 3510 959 3572 uidemus.
