2430 3878
96 153 159 230 38,
583 153 611 206 Π

164 307 382 380 nocturnasque
405 302 484 361 laces
508 300 582 361 caeli
604 299 729 360 sublime
752 299 877 359 volantis

165 407 263 449 nonne
286 389 368 449 vides
391 389 493 467 longos
516 389 700 449 flammarum
723 388 831 448 ducere
854 393 967 449 tractus

166 480 197 537 in
221 495 419 556 quascumque
443 476 525 537 dedit
547 479 639 556 partis
662 482 765 537 natura
792 471 943 536 meatum?

166 583 226 625 non
249 565 352 626 cadere
376 568 407 625 in
430 573 542 626 terram
564 565 663 625 stellas
687 571 717 625 et
739 564 837 624 sidera
861 559 983 625 cernis?

96 662 148 710 210
167 653 211 714 sol
234 656 323 713 etiam
345 650 422 715 caeli
444 653 480 713 de
503 655 613 713 vertice
636 653 762 732 dissipat
784 654 880 712 omnis

167 742 303 802 ardorem
326 745 358 801 in
380 743 473 821 partis
497 749 526 801 et
548 741 659 802 lumine
684 743 813 802 conserit
835 758 917 800 arvat

167 833 316 890 internas
338 832 430 909 igitur
453 847 569 909 quoque
593 829 663 889 solis
686 831 817 907 vergitur
840 828 935 888 ardor.

167 925 409 998 transversosque
433 918 530 978 volare
553 936 607 996 per
629 916 734 977 imbris
757 916 879 976 fulmina
902 917 1016 997 cornia,

167 1025 245 1067 nunc
267 1006 337 1067 binc
360 1025 438 1067 nunc
461 1005 543 1066 illinc
565 1005 683 1085 abrupti
707 1004 836 1065 nubibus
859 1007 943 1082 ignes

97 1101 149 1151 210
169 1101 358 1155 concursant:
381 1095 460 1156 cadit
481 1097 512 1154 in
535 1100 630 1154 terras
652 1096 696 1154 vis
719 1093 853 1154 flammea
875 1091 968 1170 volgo.

212 1183 287 1243 Illud
309 1185 341 1243 in
362 1182 410 1243 his
434 1201 550 1262 quoque
572 1190 602 1242 te
625 1181 715 1242 rebus
739 1198 917 1260 cognoscere
940 1198 1078 1262 aremus,

168 1289 292 1349 corpora
315 1290 382 1332 cum
405 1271 543 1331 deorsum
567 1277 681 1331 rectum
703 1289 758 1349 per
780 1273 867 1330 inane
891 1269 1027 1330 feruntur

168 1358 350 1438 ponderibus
372 1361 515 1439 propriis,
538 1361 651 1418 incerto
674 1365 807 1436 tempore
830 1359 922 1418 ferme

168 1449 349 1526 incertisque
372 1446 445 1506 locis
469 1449 563 1525 spatio
586 1446 734 1525 depellere
757 1445 890 1526 paulum,

99 1541 151 1590 220
169 1541 282 1594 tantum
306 1535 383 1613 quod
398 1552 516 1595 momen
536 1541 681 1595 mutatum
705 1535 803 1594 dicere
825 1535 933 1612 possis.

170 1623 247 1701 quod
270 1625 330 1682 nisi
352 1622 499 1683 declinare
523 1622 665 1703 solerent,
688 1624 786 1682 omnia
809 1622 948 1682 deorsum

169 1709 274 1771 imbris
297 1713 342 1770 uti
363 1717 461 1788 guttae
485 1711 624 1771 caderent
645 1729 700 1791 per
722 1713 808 1771 inane
830 1709 1010 1790 profundum

169 1817 225 1859 nec
248 1800 324 1859 foret
346 1799 475 1859 offensus
498 1806 584 1859 natus
607 1817 662 1860 nec
684 1799 767 1878 plaga
790 1805 888 1859 ereata

169 1889 338 1966 principiis:
361 1889 402 1947 ita
424 1887 467 1947 nil
489 1904 628 1966 umquam
651 1896 754 1948 natura
777 1893 915 1948 creasset.

99 1980 151 2032 220
224 1975 307 2046 Quod
331 1977 357 2036 si
379 1976 454 2036 lorte
478 1975 584 2055 aliquis
608 1976 702 2036 credit
725 1977 857 2054 graviora
879 1981 1001 2054 potesse

170 2081 307 2143 corpora,
331 2081 388 2142 quo
413 2065 500 2124 citius
523 2072 637 2124 rectum
660 2082 713 2143 per
735 2066 823 2124 inane
847 2064 993 2143 ferantur,

170 2152 301 2212 incidere
324 2170 360 2211 ex
384 2170 492 2230 supero
515 2151 674 2212 levioribus
697 2159 784 2231 atque
808 2154 849 2212 ita
871 2150 971 2230 plagas

170 2242 303 2320 gignere,
327 2258 401 2319 quae
423 2243 539 2319 possint
562 2240 697 2319 genitalis
719 2240 844 2300 reddere
867 2246 978 2320 motus,

171 2331 252 2388 avius
275 2347 292 2388 a
314 2347 382 2389 vera
404 2328 490 2406 longe
513 2331 626 2388 ratione
649 2327 770 2388 recedit.

100 2423 152 2472 230
170 2435 238 2476 nam
260 2434 315 2495 per
337 2435 427 2495 aquas
451 2435 652 2496 quaecumque
671 2416 779 2477 cadunt
797 2423 884 2495 atque
907 2420 976 2476 aira
995 2434 1104 2497 rarum,

170 2504 243 2564 haec
265 2522 319 2582 pro
342 2504 522 2583 ponderibus
546 2523 632 2565 casus
655 2504 784 2565 celerare
807 2511 959 2564 necessest

170 2598 327 2670 propterea
350 2594 418 2670 quia
441 2610 553 2671 corpus.
571 2611 663 2672 aquae
686 2598 848 2671 naturaque
870 2593 966 2652 tenvis

171 2681 249 2739 aeris
271 2678 342 2738 baut
363 2687 489 2757 possunt
510 2698 602 2759 aeque
626 2699 690 2741 rem
713 2698 859 2760 quamque
882 2682 1005 2760 morari,

172 2767 223 2827 sed
247 2768 334 2827 citius
358 2767 466 2828 cedunt
488 2768 671 2846 gravioribus
695 2776 882 2847 exsuperata:

101 2863 152 2913 230
172 2863 201 2915 at
223 2862 324 2916 contra
346 2855 420 2916 nulli
443 2856 479 2916 de
502 2856 581 2917 nulla
607 2862 690 2936 parte
713 2876 809 2936 neque
832 2857 892 2918 ullo

170 2951 303 3023 tempore
326 2946 413 3005 inane
436 2951 531 3023 potest
558 2963 681 3006 vacuum
705 2944 866 3005 subsistere
889 2946 947 3026 rei,

172 3035 257 3112 quin,
281 3051 333 3092 sua
356 3033 433 3112 quod
457 3040 561 3093 natura
584 3036 670 3114 petit,
694 3034 855 3094 concedere
878 3041 995 3115 pergat;

172 3123 271 3181 omnia
294 3128 472 3200 quapropter
495 3121 604 3182 debent
628 3124 791 3200 perinane
814 3123 947 3200 quietum

172 3226 264 3287 aeque
286 3209 467 3287 ponderibus
491 3228 550 3269 non
573 3211 674 3287 aequis
698 3212 812 3270 concita
835 3210 915 3270 lerri.

100 3305 152 3355 240
171 3297 248 3357 baud
272 3298 362 3374 igitur
384 3305 524 3377 poterunt
546 3297 706 3358 levioribus
729 3298 859 3358 incidere
882 3316 1022 3377 umquam

172 3404 208 3446 ex
232 3403 339 3464 supero
363 3388 496 3464 graviora
517 3404 614 3465 neque
637 3388 714 3446 ictus
737 3388 858 3464 gignere
880 3404 934 3466 per
956 3403 1001 3468 se,

172 3476 223 3553 pui
245 3476 360 3534 varient
381 3482 493 3557 motus,
515 3492 570 3555 per
593 3493 667 3553 quos
689 3481 795 3534 natura
818 3482 901 3553 gerat
923 3493 981 3535 res.
