<?xml version="1.0" encoding="UTF-8"?>
<!DOCTYPE html PUBLIC "-//W3C//DTD XHTML 1.0 Transitional//EN"
    "http://www.w3.org/TR/xhtml1/DTD/xhtml1-transitional.dtd">
<html xmlns="http://www.w3.org/1999/xhtml" xml:lang="en" lang="en">
 <head>
  <title>
</title>
<meta http-equiv="Content-Type" content="text/html;charset=utf-8" />
  <meta name='ocr-system' content='tesseract 3.04.00' />
  <meta name='ocr-capabilities' content='ocr_page ocr_carea ocr_par ocr_line ocrx_word'/>
</head>
<body>
  <div class='ocr_page' id='page_1' title='image "./tlucreticarider01carugoog_0159.png"; bbox 0 0 2430 3878; ppageno 0'>
   <div class='ocr_carea' id='block_1_1' title="bbox 99 175 618 242">
    <p class='ocr_par' dir='ltr' id='par_1_1' title="bbox 99 175 618 242">
     <span class='ocr_line' id='line_1_1' title="bbox 99 175 618 242; baseline 0.002 -1"><span class='ocrx_word' id='word_1_1' title='bbox 99 178 141 242; x_wconf 78' lang='lat' dir='ltr'>to</span> <span class='ocrx_word' id='word_1_2' title='bbox 578 175 618 230; x_wconf 88' lang='grc' dir='ltr'>ΙΠ</span> 
     </span>
    </p>
   </div>
   <div class='ocr_carea' id='block_1_2' title="bbox 97 322 1063 3577">
    <p class='ocr_par' dir='ltr' id='par_1_2' title="bbox 167 322 1003 579">
     <span class='ocr_line' id='line_1_2' title="bbox 167 322 966 403; baseline -0.001 -18"><span class='ocrx_word' id='word_1_3' title='bbox 167 332 317 385; x_wconf 90' lang='lat' dir='ltr'>ettamen</span> <span class='ocrx_word' id='word_1_4' title='bbox 339 324 506 401; x_wconf 84' lang='lat' dir='ltr'><strong>insequitur</strong></span> <span class='ocrx_word' id='word_1_5' title='bbox 528 322 651 401; x_wconf 78' lang='lat' dir='ltr'>languor</span> <span class='ocrx_word' id='word_1_6' title='bbox 673 331 828 403; x_wconf 75' lang='lat' dir='ltr'>terraeque</span> <span class='ocrx_word' id='word_1_7' title='bbox 852 325 966 402; x_wconf 88' lang='lat' dir='ltr'>petitus</span> 
     </span>
     <span class='ocr_line' id='line_1_3' title="bbox 168 413 944 493; baseline -0.003 -20"><span class='ocrx_word' id='word_1_8' title='bbox 168 413 258 491; x_wconf 87' lang='lat' dir='ltr'>segni’</span> <span class='ocrx_word' id='word_1_9' title='bbox 282 413 327 493; x_wconf 81' lang='lat' dir='ltr'>lit,</span> <span class='ocrx_word' id='word_1_10' title='bbox 349 413 462 472; x_wconf 90' lang='lat' dir='ltr'>interea</span> <span class='ocrx_word' id='word_1_11' title='bbox 485 414 594 471; x_wconf 92' lang='lat' dir='ltr'>mentis</span> <span class='ocrx_word' id='word_1_12' title='bbox 617 414 668 489; x_wconf 89' lang='lat' dir='ltr'>qui</span> <span class='ocrx_word' id='word_1_13' title='bbox 690 413 821 490; x_wconf 78' lang='lat' dir='ltr'>gignitur</span> <span class='ocrx_word' id='word_1_14' title='bbox 843 417 944 472; x_wconf 89' lang='lat' dir='ltr'>aestus</span> 
     </span>
     <span class='ocr_line' id='line_1_4' title="bbox 167 496 1003 579; baseline -0.001 -18"><span class='ocrx_word' id='word_1_15' title='bbox 167 500 373 579; x_wconf 88' lang='lat' dir='ltr'>interdumque</span> <span class='ocrx_word' id='word_1_16' title='bbox 398 501 481 578; x_wconf 90' lang='lat' dir='ltr'>quasi</span> <span class='ocrx_word' id='word_1_17' title='bbox 504 499 683 578; x_wconf 85' lang='lat' dir='ltr'>exsurgendi</span> <span class='ocrx_word' id='word_1_18' title='bbox 706 503 818 560; x_wconf 87' lang='lat' dir='ltr'>incerta</span> <span class='ocrx_word' id='word_1_19' title='bbox 841 496 1003 560; x_wconf 76' lang='lat' dir='ltr'>voluntas?</span> 
     </span>
    </p>

    <p class='ocr_par' dir='ltr' id='par_1_3' title="bbox 99 590 982 756">
     <span class='ocr_line' id='line_1_5' title="bbox 99 590 982 668; baseline -0.008 -13"><span class='ocrx_word' id='word_1_20' title='bbox 99 606 149 655; x_wconf 76' lang='lat'>175</span> <span class='ocrx_word' id='word_1_21' title='bbox 169 607 238 667; x_wconf 94' lang='lat' dir='ltr'>ergo</span> <span class='ocrx_word' id='word_1_22' title='bbox 261 605 432 667; x_wconf 86' lang='lat' dir='ltr'>corpoream</span> <span class='ocrx_word' id='word_1_23' title='bbox 455 594 589 647; x_wconf 90' lang='lat' dir='ltr'>naturam</span> <span class='ocrx_word' id='word_1_24' title='bbox 612 590 703 647; x_wconf 91' lang='lat' dir='ltr'>animi</span> <span class='ocrx_word' id='word_1_25' title='bbox 725 605 791 648; x_wconf 88' lang='lat' dir='ltr'>esse</span> <span class='ocrx_word' id='word_1_26' title='bbox 814 594 982 668; x_wconf 80' lang='lat' dir='ltr'>necessest,</span> 
     </span>
     <span class='ocr_line' id='line_1_6' title="bbox 169 674 857 756; baseline 0 -20"><span class='ocrx_word' id='word_1_27' title='bbox 169 678 319 756; x_wconf 90' lang='lat' dir='ltr'>corporeis</span> <span class='ocrx_word' id='word_1_28' title='bbox 343 677 481 754; x_wconf 92' lang='lat' dir='ltr'>quoniam</span> <span class='ocrx_word' id='word_1_29' title='bbox 503 674 570 735; x_wconf 92' lang='lat' dir='ltr'>telis</span> <span class='ocrx_word' id='word_1_30' title='bbox 594 677 713 755; x_wconf 88' lang='lat' dir='ltr'>ictuque</span> <span class='ocrx_word' id='word_1_31' title='bbox 736 675 857 736; x_wconf 93' lang='lat' dir='ltr'>laborat.</span> 
     </span>
    </p>

    <p class='ocr_par' dir='ltr' id='par_1_4' title="bbox 168 759 1029 1021">
     <span class='ocr_line' id='line_1_7' title="bbox 211 759 1029 848; baseline 0 -24"><span class='ocrx_word' id='word_1_32' title='bbox 211 765 240 824; x_wconf 91' lang='lat' dir='ltr'>Is</span> <span class='ocrx_word' id='word_1_33' title='bbox 263 764 318 825; x_wconf 90' lang='lat' dir='ltr'>tibi</span> <span class='ocrx_word' id='word_1_34' title='bbox 340 781 419 824; x_wconf 88' lang='lat' dir='ltr'>nune</span> <span class='ocrx_word' id='word_1_35' title='bbox 442 765 557 823; x_wconf 91' lang='lat' dir='ltr'>animus</span> <span class='ocrx_word' id='word_1_36' title='bbox 581 763 660 848; x_wconf 86' lang='lat' dir='ltr'>quali</span> <span class='ocrx_word' id='word_1_37' title='bbox 684 766 723 824; x_wconf 92' lang='lat' dir='ltr'>sit</span> <span class='ocrx_word' id='word_1_38' title='bbox 745 781 869 842; x_wconf 87' lang='lat' dir='ltr'>corporo</span> <span class='ocrx_word' id='word_1_39' title='bbox 892 771 923 824; x_wconf 87' lang='lat' dir='ltr'>et</span> <span class='ocrx_word' id='word_1_40' title='bbox 945 759 1029 824; x_wconf 80' lang='lat' dir='ltr'>rmde</span> 
     </span>
     <span class='ocr_line' id='line_1_8' title="bbox 168 851 913 930; baseline -0.003 -16"><span class='ocrx_word' id='word_1_41' title='bbox 168 854 335 915; x_wconf 87' lang='lat' dir='ltr'>constiterit</span> <span class='ocrx_word' id='word_1_42' title='bbox 356 869 477 930; x_wconf 84' lang='lat' dir='ltr'>pergam</span> <span class='ocrx_word' id='word_1_43' title='bbox 499 854 644 912; x_wconf 88' lang='lat' dir='ltr'>rationem</span> <span class='ocrx_word' id='word_1_44' title='bbox 667 852 793 912; x_wconf 89' lang='lat' dir='ltr'>reddere</span> <span class='ocrx_word' id='word_1_45' title='bbox 816 851 913 912; x_wconf 87' lang='lat' dir='ltr'>dictis.</span> 
     </span>
     <span class='ocr_line' id='line_1_9' title="bbox 169 939 944 1021; baseline -0.003 -19"><span class='ocrx_word' id='word_1_46' title='bbox 169 942 315 1021; x_wconf 87' lang='lat' dir='ltr'>principio</span> <span class='ocrx_word' id='word_1_47' title='bbox 339 958 404 1000; x_wconf 90' lang='lat' dir='ltr'>esse</span> <span class='ocrx_word' id='word_1_48' title='bbox 428 942 474 999; x_wconf 94' lang='lat' dir='ltr'>aio</span> <span class='ocrx_word' id='word_1_49' title='bbox 496 939 690 1018; x_wconf 88' lang='lat' dir='ltr'>persuptilem</span> <span class='ocrx_word' id='word_1_50' title='bbox 713 947 800 1018; x_wconf 89' lang='lat' dir='ltr'>atque</span> <span class='ocrx_word' id='word_1_51' title='bbox 820 941 944 1000; x_wconf 89' lang='lat' dir='ltr'>minutis</span> 
     </span>
    </p>

    <p class='ocr_par' dir='ltr' id='par_1_5' title="bbox 99 1027 1033 1459">
     <span class='ocr_line' id='line_1_10' title="bbox 99 1027 1033 1108; baseline -0.001 -19"><span class='ocrx_word' id='word_1_52' title='bbox 99 1046 149 1095; x_wconf 87' lang='lat'>180</span> <span class='ocrx_word' id='word_1_53' title='bbox 167 1047 310 1108; x_wconf 89' lang='lat' dir='ltr'>perquam</span> <span class='ocrx_word' id='word_1_54' title='bbox 333 1027 507 1107; x_wconf 90' lang='lat' dir='ltr'>corporibus</span> <span class='ocrx_word' id='word_1_55' title='bbox 531 1028 640 1088; x_wconf 87' lang='lat' dir='ltr'>lactum</span> <span class='ocrx_word' id='word_1_56' title='bbox 663 1035 806 1089; x_wconf 83' lang='lat' dir='ltr'>constare.</span> <span class='ocrx_word' id='word_1_57' title='bbox 842 1028 873 1088; x_wconf 91' lang='lat' dir='ltr'>id</span> <span class='ocrx_word' id='word_1_58' title='bbox 896 1030 937 1088; x_wconf 86' lang='lat' dir='ltr'>ita</span> <span class='ocrx_word' id='word_1_59' title='bbox 962 1045 1033 1089; x_wconf 86' lang='lat' dir='ltr'>esse</span> 
     </span>
     <span class='ocr_line' id='line_1_11' title="bbox 168 1115 1031 1195; baseline -0.001 -17"><span class='ocrx_word' id='word_1_60' title='bbox 168 1118 237 1178; x_wconf 90' lang='lat' dir='ltr'>hinc</span> <span class='ocrx_word' id='word_1_61' title='bbox 260 1117 329 1177; x_wconf 89' lang='lat' dir='ltr'>licet</span> <span class='ocrx_word' id='word_1_62' title='bbox 352 1115 485 1176; x_wconf 86' lang='lat' dir='ltr'>advertas</span> <span class='ocrx_word' id='word_1_63' title='bbox 509 1118 640 1176; x_wconf 91' lang='lat' dir='ltr'>animum</span> <span class='ocrx_word' id='word_1_64' title='bbox 662 1123 695 1176; x_wconf 92' lang='lat' dir='ltr'>ut</span> <span class='ocrx_word' id='word_1_65' title='bbox 717 1133 896 1195; x_wconf 88' lang='lat' dir='ltr'>pernoscere</span> <span class='ocrx_word' id='word_1_66' title='bbox 919 1118 1031 1195; x_wconf 76' lang='lat' dir='ltr'>possis</span> 
     </span>
     <span class='ocr_line' id='line_1_12' title="bbox 168 1201 805 1285; baseline -0.005 -18"><span class='ocrx_word' id='word_1_67' title='bbox 168 1205 210 1267; x_wconf 93' lang='lat' dir='ltr'>nil</span> <span class='ocrx_word' id='word_1_68' title='bbox 234 1205 306 1266; x_wconf 92' lang='lat' dir='ltr'>adeo</span> <span class='ocrx_word' id='word_1_69' title='bbox 328 1206 395 1265; x_wconf 85' lang='lat' dir='ltr'>fieri</span> <span class='ocrx_word' id='word_1_70' title='bbox 417 1203 507 1265; x_wconf 87' lang='lat' dir='ltr'>celeri</span> <span class='ocrx_word' id='word_1_71' title='bbox 529 1206 643 1265; x_wconf 89' lang='lat' dir='ltr'>ratione</span> <span class='ocrx_word' id='word_1_72' title='bbox 666 1201 805 1285; x_wconf 73' lang='lat' dir='ltr'>videtur,l</span> 
     </span>
     <span class='ocr_line' id='line_1_13' title="bbox 170 1292 987 1373; baseline -0.002 -19"><span class='ocrx_word' id='word_1_73' title='bbox 170 1312 257 1373; x_wconf 91' lang='lat' dir='ltr'>quam</span> <span class='ocrx_word' id='word_1_74' title='bbox 280 1292 337 1353; x_wconf 92' lang='lat' dir='ltr'>sibi</span> <span class='ocrx_word' id='word_1_75' title='bbox 359 1310 443 1352; x_wconf 91' lang='lat' dir='ltr'>mens</span> <span class='ocrx_word' id='word_1_76' title='bbox 466 1293 532 1352; x_wconf 85' lang='lat' dir='ltr'>fieri</span> <span class='ocrx_word' id='word_1_77' title='bbox 553 1295 692 1371; x_wconf 85' lang='lat' dir='ltr'>proponit</span> <span class='ocrx_word' id='word_1_78' title='bbox 715 1299 745 1352; x_wconf 89' lang='lat' dir='ltr'>et</span> <span class='ocrx_word' id='word_1_79' title='bbox 766 1293 885 1353; x_wconf 90' lang='lat' dir='ltr'>inchoat</span> <span class='ocrx_word' id='word_1_80' title='bbox 906 1294 987 1370; x_wconf 87' lang='lat' dir='ltr'>ipsa:</span> 
     </span>
     <span class='ocr_line' id='line_1_14' title="bbox 171 1379 953 1459; baseline -0.001 -18"><span class='ocrx_word' id='word_1_81' title='bbox 171 1385 252 1443; x_wconf 88' lang='lat' dir='ltr'>ocius</span> <span class='ocrx_word' id='word_1_82' title='bbox 276 1398 346 1458; x_wconf 90' lang='lat' dir='ltr'>ergo</span> <span class='ocrx_word' id='word_1_83' title='bbox 369 1381 483 1440; x_wconf 91' lang='lat' dir='ltr'>animus</span> <span class='ocrx_word' id='word_1_84' title='bbox 507 1399 594 1458; x_wconf 92' lang='lat' dir='ltr'>quam</span> <span class='ocrx_word' id='word_1_85' title='bbox 617 1398 665 1440; x_wconf 88' lang='lat' dir='ltr'>res</span> <span class='ocrx_word' id='word_1_86' title='bbox 689 1398 721 1440; x_wconf 91' lang='lat' dir='ltr'>se</span> <span class='ocrx_word' id='word_1_87' title='bbox 743 1383 857 1459; x_wconf 91' lang='lat' dir='ltr'>perciet</span> <span class='ocrx_word' id='word_1_88' title='bbox 878 1379 953 1459; x_wconf 90' lang='lat' dir='ltr'>ulla,</span> 
     </span>
    </p>

    <p class='ocr_par' dir='ltr' id='par_1_6' title="bbox 101 1467 1010 1811">
     <span class='ocr_line' id='line_1_15' title="bbox 101 1467 1009 1547; baseline -0.008 -12"><span class='ocrx_word' id='word_1_89' title='bbox 101 1486 151 1536; x_wconf 81' lang='lat'>185</span> <span class='ocrx_word' id='word_1_90' title='bbox 171 1476 237 1530; x_wconf 91' lang='lat' dir='ltr'>ante</span> <span class='ocrx_word' id='word_1_91' title='bbox 262 1467 362 1528; x_wconf 88' lang='lat' dir='ltr'>oeulos</span> <span class='ocrx_word' id='word_1_92' title='bbox 386 1486 510 1546; x_wconf 92' lang='lat' dir='ltr'>quorum</span> <span class='ocrx_word' id='word_1_93' title='bbox 534 1471 726 1547; x_wconf 92' lang='lat' dir='ltr'>inpromptu</span> <span class='ocrx_word' id='word_1_94' title='bbox 748 1475 852 1529; x_wconf 91' lang='lat' dir='ltr'>natura</span> <span class='ocrx_word' id='word_1_95' title='bbox 875 1468 1009 1529; x_wconf 80' lang='lat' dir='ltr'>ridetur:</span> 
     </span>
     <span class='ocr_line' id='line_1_16' title="bbox 171 1555 1010 1636; baseline -0.001 -18"><span class='ocrx_word' id='word_1_96' title='bbox 171 1564 200 1618; x_wconf 92' lang='lat' dir='ltr'>at</span> <span class='ocrx_word' id='word_1_97' title='bbox 223 1556 300 1636; x_wconf 91' lang='lat' dir='ltr'>quod</span> <span class='ocrx_word' id='word_1_98' title='bbox 322 1555 430 1616; x_wconf 90' lang='lat' dir='ltr'>mobile</span> <span class='ocrx_word' id='word_1_99' title='bbox 453 1563 534 1615; x_wconf 91' lang='lat' dir='ltr'>tanto</span> <span class='ocrx_word' id='word_1_100' title='bbox 558 1563 689 1636; x_wconf 85' lang='lat' dir='ltr'>operest,</span> <span class='ocrx_word' id='word_1_101' title='bbox 712 1563 847 1617; x_wconf 89' lang='lat' dir='ltr'>constare</span> <span class='ocrx_word' id='word_1_102' title='bbox 870 1557 1010 1617; x_wconf 88' lang='lat' dir='ltr'>rutundis</span> 
     </span>
     <span class='ocr_line' id='line_1_17' title="bbox 170 1642 995 1726; baseline 0 -21"><span class='ocrx_word' id='word_1_103' title='bbox 170 1662 313 1725; x_wconf 91' lang='lat' dir='ltr'>perquam</span> <span class='ocrx_word' id='word_1_104' title='bbox 336 1642 499 1704; x_wconf 89' lang='lat' dir='ltr'>seminibus</span> <span class='ocrx_word' id='word_1_105' title='bbox 523 1643 610 1704; x_wconf 89' lang='lat' dir='ltr'>debet</span> <span class='ocrx_word' id='word_1_106' title='bbox 631 1662 833 1723; x_wconf 89' lang='lat' dir='ltr'>perquamque</span> <span class='ocrx_word' id='word_1_107' title='bbox 855 1646 995 1726; x_wconf 87' lang='lat' dir='ltr'>minutis,</span> 
     </span>
     <span class='ocr_line' id='line_1_18' title="bbox 171 1732 893 1811; baseline 0 -18"><span class='ocrx_word' id='word_1_108' title='bbox 171 1735 299 1793; x_wconf 90' lang='lat' dir='ltr'>momine</span> <span class='ocrx_word' id='word_1_109' title='bbox 322 1734 367 1792; x_wconf 91' lang='lat' dir='ltr'>uti</span> <span class='ocrx_word' id='word_1_110' title='bbox 388 1749 477 1810; x_wconf 82' lang='lat' dir='ltr'>parvo</span> <span class='ocrx_word' id='word_1_111' title='bbox 499 1734 615 1810; x_wconf 91' lang='lat' dir='ltr'>possint</span> <span class='ocrx_word' id='word_1_112' title='bbox 637 1732 752 1811; x_wconf 90' lang='lat' dir='ltr'>inpulsa</span> <span class='ocrx_word' id='word_1_113' title='bbox 773 1735 893 1793; x_wconf 87' lang='lat' dir='ltr'>moveri.</span> 
     </span>
    </p>

    <p class='ocr_par' dir='ltr' id='par_1_7' title="bbox 172 1815 1037 1905">
     <span class='ocr_line' id='line_1_19' title="bbox 172 1815 1037 1905; baseline 0.002 -24"><span class='ocrx_word' id='word_1_114' title='bbox 172 1815 181 1905; x_wconf 70' lang='lat' dir='ltr'>ll</span> <span class='ocrx_word' id='word_1_115' title='bbox 195 1838 319 1900; x_wconf 89' lang='lat' dir='ltr'>namque</span> <span class='ocrx_word' id='word_1_116' title='bbox 343 1826 476 1879; x_wconf 88' lang='lat' dir='ltr'>movetur</span> <span class='ocrx_word' id='word_1_117' title='bbox 499 1838 573 1898; x_wconf 88' lang='lat' dir='ltr'>aqua</span> <span class='ocrx_word' id='word_1_118' title='bbox 596 1827 626 1879; x_wconf 91' lang='lat' dir='ltr'>et</span> <span class='ocrx_word' id='word_1_119' title='bbox 647 1820 761 1881; x_wconf 91' lang='lat' dir='ltr'>tantillo</span> <span class='ocrx_word' id='word_1_120' title='bbox 784 1824 913 1882; x_wconf 91' lang='lat' dir='ltr'>momine</span> <span class='ocrx_word' id='word_1_121' title='bbox 936 1821 1037 1904; x_wconf 74' lang='lat' dir='ltr'>tutat,</span> 
     </span>
    </p>

    <p class='ocr_par' dir='ltr' id='par_1_8' title="bbox 102 1907 943 2342">
     <span class='ocr_line' id='line_1_20' title="bbox 102 1907 915 1988; baseline -0.001 -18"><span class='ocrx_word' id='word_1_122' title='bbox 102 1927 153 1976; x_wconf 86' lang='lat'>190</span> <span class='ocrx_word' id='word_1_123' title='bbox 173 1912 280 1988; x_wconf 90' lang='lat' dir='ltr'>quippe</span> <span class='ocrx_word' id='word_1_124' title='bbox 303 1907 481 1968; x_wconf 90' lang='lat' dir='ltr'>volubilibus</span> <span class='ocrx_word' id='word_1_125' title='bbox 502 1910 660 1986; x_wconf 89' lang='lat' dir='ltr'>parvisque</span> <span class='ocrx_word' id='word_1_126' title='bbox 684 1916 781 1969; x_wconf 89' lang='lat' dir='ltr'>creata</span> <span class='ocrx_word' id='word_1_127' title='bbox 805 1910 915 1987; x_wconf 88' lang='lat' dir='ltr'>figuris.</span> 
     </span>
     <span class='ocr_line' id='line_1_21' title="bbox 172 1995 842 2058; baseline -0.003 0"><span class='ocrx_word' id='word_1_128' title='bbox 172 2005 202 2058; x_wconf 93' lang='lat' dir='ltr'>at</span> <span class='ocrx_word' id='word_1_129' title='bbox 224 2004 325 2058; x_wconf 88' lang='lat' dir='ltr'>contra</span> <span class='ocrx_word' id='word_1_130' title='bbox 348 1995 443 2056; x_wconf 88' lang='lat' dir='ltr'>mellis</span> <span class='ocrx_word' id='word_1_131' title='bbox 467 1998 647 2055; x_wconf 89' lang='lat' dir='ltr'>constantior</span> <span class='ocrx_word' id='word_1_132' title='bbox 670 2005 716 2056; x_wconf 89' lang='lat' dir='ltr'>est</span> <span class='ocrx_word' id='word_1_133' title='bbox 738 2005 842 2058; x_wconf 90' lang='lat' dir='ltr'>natura</span> 
     </span>
     <span class='ocr_line' id='line_1_22' title="bbox 173 2084 923 2165; baseline 0.001 -20"><span class='ocrx_word' id='word_1_134' title='bbox 173 2092 203 2146; x_wconf 91' lang='lat' dir='ltr'>et</span> <span class='ocrx_word' id='word_1_135' title='bbox 224 2087 302 2165; x_wconf 83' lang='lat' dir='ltr'>pigri</span> <span class='ocrx_word' id='word_1_136' title='bbox 324 2084 427 2144; x_wconf 90' lang='lat' dir='ltr'>latices</span> <span class='ocrx_word' id='word_1_137' title='bbox 449 2086 543 2161; x_wconf 88' lang='lat' dir='ltr'>magis</span> <span class='ocrx_word' id='word_1_138' title='bbox 566 2090 596 2143; x_wconf 91' lang='lat' dir='ltr'>et</span> <span class='ocrx_word' id='word_1_139' title='bbox 618 2087 803 2145; x_wconf 88' lang='lat' dir='ltr'>cunctantior</span> <span class='ocrx_word' id='word_1_140' title='bbox 827 2093 923 2146; x_wconf 90' lang='lat' dir='ltr'>actus:</span> 
     </span>
     <span class='ocr_line' id='line_1_23' title="bbox 171 2174 924 2250; baseline -0.001 -16"><span class='ocrx_word' id='word_1_141' title='bbox 171 2174 274 2234; x_wconf 90' lang='lat' dir='ltr'>haeret</span> <span class='ocrx_word' id='word_1_142' title='bbox 296 2175 376 2234; x_wconf 88' lang='lat' dir='ltr'>enim</span> <span class='ocrx_word' id='word_1_143' title='bbox 397 2174 476 2232; x_wconf 90' lang='lat' dir='ltr'>inter</span> <span class='ocrx_word' id='word_1_144' title='bbox 499 2190 531 2231; x_wconf 91' lang='lat' dir='ltr'>se</span> <span class='ocrx_word' id='word_1_145' title='bbox 553 2174 646 2250; x_wconf 92' lang='lat' dir='ltr'>magis</span> <span class='ocrx_word' id='word_1_146' title='bbox 670 2175 766 2234; x_wconf 93' lang='lat' dir='ltr'>omnis</span> <span class='ocrx_word' id='word_1_147' title='bbox 789 2175 924 2234; x_wconf 91' lang='lat' dir='ltr'>materiai</span> 
     </span>
     <span class='ocr_line' id='line_1_24' title="bbox 173 2259 943 2342; baseline 0 -20"><span class='ocrx_word' id='word_1_148' title='bbox 173 2264 270 2342; x_wconf 84' lang='lat' dir='ltr'>copia,</span> <span class='ocrx_word' id='word_1_149' title='bbox 292 2264 446 2341; x_wconf 84' lang='lat' dir='ltr'>nimirum,</span> <span class='ocrx_word' id='word_1_150' title='bbox 470 2261 537 2339; x_wconf 89' lang='lat' dir='ltr'>quia</span> <span class='ocrx_word' id='word_1_151' title='bbox 560 2277 620 2319; x_wconf 93' lang='lat' dir='ltr'>non</span> <span class='ocrx_word' id='word_1_152' title='bbox 642 2267 703 2320; x_wconf 92' lang='lat' dir='ltr'>tam</span> <span class='ocrx_word' id='word_1_153' title='bbox 725 2259 839 2322; x_wconf 89' lang='lat' dir='ltr'>levibus</span> <span class='ocrx_word' id='word_1_154' title='bbox 862 2268 943 2322; x_wconf 84' lang='lat' dir='ltr'>extat</span> 
     </span>
    </p>

    <p class='ocr_par' dir='ltr' id='par_1_9' title="bbox 104 2347 1040 2783">
     <span class='ocr_line' id='line_1_25' title="bbox 104 2347 1040 2431; baseline -0.005 -16"><span class='ocrx_word' id='word_1_155' title='bbox 104 2364 154 2415; x_wconf 79' lang='lat'>196</span> <span class='ocrx_word' id='word_1_156' title='bbox 174 2349 346 2429; x_wconf 87' lang='lat' dir='ltr'>corporibus</span> <span class='ocrx_word' id='word_1_157' title='bbox 370 2366 466 2428; x_wconf 90' lang='lat' dir='ltr'>neque</span> <span class='ocrx_word' id='word_1_158' title='bbox 489 2355 548 2409; x_wconf 90' lang='lat' dir='ltr'>tam</span> <span class='ocrx_word' id='word_1_159' title='bbox 572 2347 730 2426; x_wconf 89' lang='lat' dir='ltr'>suptilibus</span> <span class='ocrx_word' id='word_1_160' title='bbox 753 2356 840 2428; x_wconf 90' lang='lat' dir='ltr'>atque</span> <span class='ocrx_word' id='word_1_161' title='bbox 862 2347 1040 2431; x_wconf 70' lang='lat' dir='ltr'>rutundisfl</span> 
     </span>
     <span class='ocr_line' id='line_1_26' title="bbox 172 2438 1010 2517; baseline -0.001 -18"><span class='ocrx_word' id='word_1_162' title='bbox 172 2456 299 2516; x_wconf 93' lang='lat' dir='ltr'>namque</span> <span class='ocrx_word' id='word_1_163' title='bbox 321 2439 475 2516; x_wconf 87' lang='lat' dir='ltr'>papaveris</span> <span class='ocrx_word' id='word_1_164' title='bbox 499 2454 570 2496; x_wconf 93' lang='lat' dir='ltr'>aura</span> <span class='ocrx_word' id='word_1_165' title='bbox 591 2443 690 2514; x_wconf 88' lang='lat' dir='ltr'>potest</span> <span class='ocrx_word' id='word_1_166' title='bbox 713 2455 855 2517; x_wconf 89' lang='lat' dir='ltr'>suspensa</span> <span class='ocrx_word' id='word_1_167' title='bbox 878 2438 1010 2517; x_wconf 86' lang='lat' dir='ltr'>levisque</span> 
     </span>
     <span class='ocr_line' id='line_1_27' title="bbox 174 2523 1005 2607; baseline 0.002 -22"><span class='ocrx_word' id='word_1_168' title='bbox 174 2543 279 2603; x_wconf 88' lang='lat' dir='ltr'>cogere</span> <span class='ocrx_word' id='word_1_169' title='bbox 302 2531 336 2585; x_wconf 91' lang='lat' dir='ltr'>ut</span> <span class='ocrx_word' id='word_1_170' title='bbox 357 2524 393 2585; x_wconf 92' lang='lat' dir='ltr'>ab</span> <span class='ocrx_word' id='word_1_171' title='bbox 417 2541 531 2585; x_wconf 91' lang='lat' dir='ltr'>summo</span> <span class='ocrx_word' id='word_1_172' title='bbox 554 2523 609 2583; x_wconf 90' lang='lat' dir='ltr'>tibi</span> <span class='ocrx_word' id='word_1_173' title='bbox 632 2524 747 2586; x_wconf 85' lang='lat' dir='ltr'>diffluat</span> <span class='ocrx_word' id='word_1_174' title='bbox 770 2525 845 2587; x_wconf 90' lang='lat' dir='ltr'>altus</span> <span class='ocrx_word' id='word_1_175' title='bbox 869 2544 1005 2607; x_wconf 80' lang='lat' dir='ltr'>acervus,</span> 
     </span>
     <span class='ocr_line' id='line_1_28' title="bbox 174 2611 896 2693; baseline 0.001 -20"><span class='ocrx_word' id='word_1_176' title='bbox 174 2620 204 2673; x_wconf 93' lang='lat' dir='ltr'>at</span> <span class='ocrx_word' id='word_1_177' title='bbox 226 2618 328 2673; x_wconf 91' lang='lat' dir='ltr'>contra</span> <span class='ocrx_word' id='word_1_178' title='bbox 350 2611 479 2692; x_wconf 88' lang='lat' dir='ltr'>lapidum</span> <span class='ocrx_word' id='word_1_179' title='bbox 504 2611 669 2672; x_wconf 87' lang='lat' dir='ltr'>conlectum</span> <span class='ocrx_word' id='word_1_180' title='bbox 690 2616 896 2693; x_wconf 89' lang='lat' dir='ltr'>spicarumque</span> 
     </span>
     <span class='ocr_line' id='line_1_29' title="bbox 173 2701 1036 2783; baseline 0.003 -22"><span class='ocrx_word' id='word_1_181' title='bbox 173 2719 271 2761; x_wconf 91' lang='lat' dir='ltr'>noenu</span> <span class='ocrx_word' id='word_1_182' title='bbox 293 2707 399 2779; x_wconf 91' lang='lat' dir='ltr'>potest.</span> <span class='ocrx_word' id='word_1_183' title='bbox 435 2701 525 2778; x_wconf 89' lang='lat' dir='ltr'>igitur</span> <span class='ocrx_word' id='word_1_184' title='bbox 547 2702 721 2779; x_wconf 88' lang='lat' dir='ltr'>parvissima</span> <span class='ocrx_word' id='word_1_185' title='bbox 744 2720 868 2781; x_wconf 90' lang='lat' dir='ltr'>corpora</span> <span class='ocrx_word' id='word_1_186' title='bbox 889 2721 1036 2783; x_wconf 87' lang='lat' dir='ltr'>proquam</span> 
     </span>
    </p>

    <p class='ocr_par' dir='ltr' id='par_1_10' title="bbox 103 2788 1063 3222">
     <span class='ocr_line' id='line_1_30' title="bbox 103 2788 905 2868; baseline 0.001 -18"><span class='ocrx_word' id='word_1_187' title='bbox 103 2806 154 2856; x_wconf 83' lang='lat'>200</span> <span class='ocrx_word' id='word_1_188' title='bbox 174 2796 204 2850; x_wconf 90' lang='lat' dir='ltr'>et</span> <span class='ocrx_word' id='word_1_189' title='bbox 225 2789 374 2849; x_wconf 90' lang='lat' dir='ltr'>levissima</span> <span class='ocrx_word' id='word_1_190' title='bbox 398 2795 479 2868; x_wconf 83' lang='lat' dir='ltr'>sunt,</span> <span class='ocrx_word' id='word_1_191' title='bbox 502 2789 541 2848; x_wconf 91' lang='lat' dir='ltr'>ita</span> <span class='ocrx_word' id='word_1_192' title='bbox 564 2788 728 2851; x_wconf 89' lang='lat' dir='ltr'>mobilitate</span> <span class='ocrx_word' id='word_1_193' title='bbox 752 2791 905 2851; x_wconf 81' lang='lat' dir='ltr'>fruuntur:</span> 
     </span>
     <span class='ocr_line' id='line_1_31' title="bbox 173 2878 1063 2959; baseline 0.001 -20"><span class='ocrx_word' id='word_1_194' title='bbox 173 2881 203 2939; x_wconf 89' lang='lat' dir='ltr'>at</span> <span class='ocrx_word' id='word_1_195' title='bbox 225 2884 327 2938; x_wconf 90' lang='lat' dir='ltr'>contra</span> <span class='ocrx_word' id='word_1_196' title='bbox 350 2896 424 2956; x_wconf 92' lang='lat' dir='ltr'>quae</span> <span class='ocrx_word' id='word_1_197' title='bbox 448 2895 573 2955; x_wconf 88' lang='lat' dir='ltr'>cumque</span> <span class='ocrx_word' id='word_1_198' title='bbox 596 2879 689 2955; x_wconf 90' lang='lat' dir='ltr'>magis</span> <span class='ocrx_word' id='word_1_199' title='bbox 713 2897 781 2938; x_wconf 92' lang='lat' dir='ltr'>cum</span> <span class='ocrx_word' id='word_1_200' title='bbox 803 2878 933 2957; x_wconf 89' lang='lat' dir='ltr'>pondere</span> <span class='ocrx_word' id='word_1_201' title='bbox 955 2896 1063 2959; x_wconf 87' lang='lat' dir='ltr'>magno</span> 
     </span>
     <span class='ocr_line' id='line_1_32' title="bbox 173 2965 988 3046; baseline 0.002 -20"><span class='ocrx_word' id='word_1_202' title='bbox 173 2984 335 3045; x_wconf 91' lang='lat' dir='ltr'>asperaque</span> <span class='ocrx_word' id='word_1_203' title='bbox 357 2967 560 3046; x_wconf 87' lang='lat' dir='ltr'>inveniuntur,</span> <span class='ocrx_word' id='word_1_204' title='bbox 584 2983 619 3024; x_wconf 91' lang='lat' dir='ltr'>eo</span> <span class='ocrx_word' id='word_1_205' title='bbox 643 2965 770 3027; x_wconf 89' lang='lat' dir='ltr'>stabilita</span> <span class='ocrx_word' id='word_1_206' title='bbox 793 2969 886 3045; x_wconf 86' lang='lat' dir='ltr'>magis</span> <span class='ocrx_word' id='word_1_207' title='bbox 911 2974 988 3028; x_wconf 89' lang='lat' dir='ltr'>sunt.</span> 
     </span>
     <span class='ocr_line' id='line_1_33' title="bbox 172 3055 936 3134; baseline 0 -19"><span class='ocrx_word' id='word_1_208' title='bbox 172 3073 251 3115; x_wconf 92' lang='lat' dir='ltr'>nunc</span> <span class='ocrx_word' id='word_1_209' title='bbox 274 3056 365 3132; x_wconf 88' lang='lat' dir='ltr'>igitur</span> <span class='ocrx_word' id='word_1_210' title='bbox 389 3056 556 3132; x_wconf 90' lang='lat' dir='ltr'>quoniamst</span> <span class='ocrx_word' id='word_1_211' title='bbox 578 3055 669 3113; x_wconf 90' lang='lat' dir='ltr'>animi</span> <span class='ocrx_word' id='word_1_212' title='bbox 691 3062 796 3115; x_wconf 91' lang='lat' dir='ltr'>natura</span> <span class='ocrx_word' id='word_1_213' title='bbox 818 3064 936 3134; x_wconf 90' lang='lat' dir='ltr'>reperta</span> 
     </span>
     <span class='ocr_line' id='line_1_34' title="bbox 172 3142 943 3222; baseline 0.003 -20"><span class='ocrx_word' id='word_1_214' title='bbox 172 3142 290 3203; x_wconf 92' lang='lat' dir='ltr'>mobilis</span> <span class='ocrx_word' id='word_1_215' title='bbox 313 3145 443 3222; x_wconf 89' lang='lat' dir='ltr'>egregie,</span> <span class='ocrx_word' id='word_1_216' title='bbox 466 3159 609 3220; x_wconf 92' lang='lat' dir='ltr'>perquam</span> <span class='ocrx_word' id='word_1_217' title='bbox 633 3150 767 3204; x_wconf 87' lang='lat' dir='ltr'>constare</span> <span class='ocrx_word' id='word_1_218' title='bbox 791 3151 943 3205; x_wconf 89' lang='lat' dir='ltr'>necessest</span> 
     </span>
    </p>

    <p class='ocr_par' dir='ltr' id='par_1_11' title="bbox 97 3228 993 3401">
     <span class='ocr_line' id='line_1_35' title="bbox 97 3228 937 3310; baseline -0.005 -14"><span class='ocrx_word' id='word_1_219' title='bbox 97 3247 153 3296; x_wconf 61' lang='lat'>205</span> <span class='ocrx_word' id='word_1_220' title='bbox 174 3229 347 3309; x_wconf 89' lang='lat' dir='ltr'>corporibus</span> <span class='ocrx_word' id='word_1_221' title='bbox 369 3233 467 3310; x_wconf 89' lang='lat' dir='ltr'>parvis</span> <span class='ocrx_word' id='word_1_222' title='bbox 491 3236 522 3290; x_wconf 90' lang='lat' dir='ltr'>et</span> <span class='ocrx_word' id='word_1_223' title='bbox 544 3228 657 3290; x_wconf 91' lang='lat' dir='ltr'>levibus</span> <span class='ocrx_word' id='word_1_224' title='bbox 681 3238 768 3310; x_wconf 87' lang='lat' dir='ltr'>atque</span> <span class='ocrx_word' id='word_1_225' title='bbox 792 3232 937 3293; x_wconf 89' lang='lat' dir='ltr'>rutundis.</span> 
     </span>
     <span class='ocr_line' id='line_1_36' title="bbox 173 3317 993 3401; baseline 0.005 -23"><span class='ocrx_word' id='word_1_226' title='bbox 173 3337 247 3398; x_wconf 93' lang='lat' dir='ltr'>quae</span> <span class='ocrx_word' id='word_1_227' title='bbox 270 3317 326 3379; x_wconf 91' lang='lat' dir='ltr'>tibi</span> <span class='ocrx_word' id='word_1_228' title='bbox 346 3321 463 3397; x_wconf 87' lang='lat' dir='ltr'>cognita</span> <span class='ocrx_word' id='word_1_229' title='bbox 486 3335 535 3379; x_wconf 91' lang='lat' dir='ltr'>res</span> <span class='ocrx_word' id='word_1_230' title='bbox 559 3320 589 3378; x_wconf 90' lang='lat' dir='ltr'>in</span> <span class='ocrx_word' id='word_1_231' title='bbox 612 3318 726 3400; x_wconf 82' lang='lat' dir='ltr'>multis,</span> <span class='ocrx_word' id='word_1_232' title='bbox 750 3338 767 3380; x_wconf 95' lang='lat' dir='ltr'>o</span> <span class='ocrx_word' id='word_1_233' title='bbox 790 3319 880 3401; x_wconf 82' lang='lat' dir='ltr'>bone,</span> <span class='ocrx_word' id='word_1_234' title='bbox 903 3320 993 3382; x_wconf 91' lang='lat' dir='ltr'>rebus</span> 
     </span>
    </p>

    <p class='ocr_par' dir='ltr' id='par_1_12' title="bbox 125 3406 966 3577">
     <span class='ocr_line' id='line_1_37' title="bbox 125 3406 826 3488; baseline 0.003 -22"><span class='ocrx_word' id='word_1_235' title='bbox 125 3485 127 3488; x_wconf 10' lang='grc' dir='ltr'><em>Α</em></span> <span class='ocrx_word' id='word_1_236' title='bbox 173 3406 255 3467; x_wconf 88' lang='lat' dir='ltr'>utilis</span> <span class='ocrx_word' id='word_1_237' title='bbox 278 3408 445 3467; x_wconf 87' lang='lat' dir='ltr'>invenietur</span> <span class='ocrx_word' id='word_1_238' title='bbox 468 3413 497 3466; x_wconf 91' lang='lat' dir='ltr'>et</span> <span class='ocrx_word' id='word_1_239' title='bbox 521 3413 685 3484; x_wconf 90' lang='lat' dir='ltr'>opportuna</span> <span class='ocrx_word' id='word_1_240' title='bbox 708 3407 826 3469; x_wconf 90' lang='lat' dir='ltr'>cluebit.</span> 
     </span>
     <span class='ocr_line' id='line_1_38' title="bbox 162 3495 966 3577; baseline 0.002 -21"><span class='ocrx_word' id='word_1_241' title='bbox 162 3495 241 3556; x_wconf 84' lang='lat' dir='ltr'>baec</span> <span class='ocrx_word' id='word_1_242' title='bbox 265 3512 384 3576; x_wconf 91' lang='lat' dir='ltr'>quoque</span> <span class='ocrx_word' id='word_1_243' title='bbox 407 3513 457 3558; x_wconf 87' lang='lat' dir='ltr'>res</span> <span class='ocrx_word' id='word_1_244' title='bbox 481 3497 571 3556; x_wconf 91' lang='lat' dir='ltr'>etiam</span> <span class='ocrx_word' id='word_1_245' title='bbox 591 3502 729 3556; x_wconf 74' lang='lat' dir='ltr'>natiuam</span> <span class='ocrx_word' id='word_1_246' title='bbox 749 3496 866 3557; x_wconf 86' lang='lat' dir='ltr'>dedicat</span> <span class='ocrx_word' id='word_1_247' title='bbox 888 3499 966 3577; x_wconf 78' lang='lat' dir='ltr'>eius,</span> 
     </span>
    </p>
   </div>
   <div class='ocr_carea' id='block_1_3' title="bbox 0 0 1227 3878">
    <p class='ocr_par' dir='ltr' id='par_1_13' title="bbox 0 0 1227 3878">
     <span class='ocr_line' id='line_1_39' title="bbox 0 0 1227 3878; baseline 0 0"><span class='ocrx_word' id='word_1_248' title='bbox 0 0 1227 3878; x_wconf 95' lang='lat' dir='ltr'> </span> 
     </span>
    </p>
   </div>
  </div>
 </body>
</html>
