2430 3878
146 201 208 265 196
630 195 670 249 VI

144 355 199 406 905
214 347 270 407 hoc
293 347 386 422 igitur
408 343 474 403 fieri
496 361 612 421 quoque
636 341 741 402 inille
764 342 844 402 iente
866 340 1071 421 putandumst.
1117 364 1156 404 905

259 432 343 504 Quod
367 438 515 511 superest,
538 449 624 510 agere
647 432 787 509 incipiam
810 447 869 508 quo
892 430 1013 490 foedere
1037 431 1091 491 fiat

145 539 197 590 900
215 530 349 601 naturae,
372 519 447 599 lapis
470 518 520 579 hic
541 527 576 578 ut
597 520 709 580 ferrum
732 518 841 579 ducere
863 520 972 598 possit,

216 628 303 690 quem
326 609 460 687 Magneta
481 614 586 667 vocant
608 609 720 685 patriae
743 607 781 667 de
803 610 922 668 nomine
946 608 1030 690 Grai,

215 699 382 777 Magnetum
406 697 473 774 quia
497 697 536 755 sit
558 696 661 773 patriis
684 694 848 755 infinibus
871 701 962 754 ortus.

144 796 200 846 910
215 787 293 847 hunc
316 786 451 845 homines
473 782 600 862 lapidem
622 784 779 844 mirantur:
803 785 912 862 quippe
935 790 1073 844 catenam
1120 808 1158 848 900

217 893 304 953 saepe
328 892 364 933 ex
378 871 491 932 'anellis
514 871 612 933 reddit
633 871 831 950 pendentibus
854 888 890 930 90
914 889 955 931 se.

146 980 197 1031 905
217 966 347 1042 quinque
371 962 481 1021 etenim
504 958 573 1020 licet
595 959 744 1020 interdum
766 959 926 1039 pluresque
949 959 1052 1020 ridere

217 1051 320 1111 ordine
343 1049 488 1109 demissos
511 1046 625 1108 levibns
647 1049 785 1108 iactarier
808 1049 901 1128 auris,

119 1190 124 1199 .
216 1157 294 1200 unus
316 1137 368 1199 ubi
390 1155 426 1197 ex
450 1154 509 1196 000
532 1135 679 1215 dependet
701 1143 804 1215 supter
826 1130 1005 1217 adhaerens,

147 1235 201 1287 915
217 1247 254 1289 ex
276 1226 392 1305 alioque
416 1224 491 1285 alius
513 1224 619 1303 lapidis
642 1226 702 1284 vim
724 1223 877 1304 vinclaque
901 1226 1013 1286 noscit:
1120 1247 1159 1288 900

217 1333 312 1394 usquc
336 1314 408 1374 adeo
432 1319 638 1392 permananter
660 1314 705 1372 vis
728 1312 858 1392 pervalet
881 1314 954 1372 eius.

148 1421 199 1471 910
261 1403 323 1463 1100
346 1420 440 1481 genus
463 1403 495 1461 in
517 1400 607 1462 rebus
630 1400 835 1461 firmandumst
852 1399 945 1461 multa
962 1403 1048 1480 prius
1070 1420 1159 1481 quam

218 1494 312 1571 ipsius
335 1492 380 1550 rei
401 1491 547 1550 rationem
569 1488 693 1549 reddere
716 1492 827 1570 possis,
932 1532 933 1537 η

219 1587 250 1640 90
272 1581 396 1638 nimium
418 1577 513 1655 longis
537 1576 708 1656 amhagibus
732 1584 778 1638 est
800 1577 981 1658 adeundum3

149 1677 206 1728 900
219 1685 276 1746 quo
300 1668 393 1744 magis
417 1671 542 1725 attentas
566 1667 646 1726 auris
670 1668 857 1745 animumque
880 1683 1016 1745 reposco.
1120 1689 1159 1728 000

262 1754 412 1833 Ρο1001010
436 1752 572 1813 omnibus
595 1752 631 1814 ab
655 1752 758 1835 rebus,
785 1771 985 1833 quascumque
1009 1754 1157 1834 videmus,

150 1860 200 1910 905
218 1849 362 1923 perpetuo
385 1841 477 1902 fluere
501 1860 534 1901 ac
556 1843 634 1902 mitti
657 1844 815 1921 spargique
838 1848 992 1903 necessest

220 1949 344 2010 corpora
366 1948 441 2009 quae
464 1930 572 1990 feriant
595 1928 695 1990 oculos
717 1933 872 2009 risumque
895 1929 1056 1990 lacessant:

220 2025 421 2100 perpetuoque
445 2017 541 2078 fluunt
564 2021 653 2079 certis
677 2018 712 2078 ab
736 2018 826 2080 rebus
850 2017 969 2098 odores3

151 2117 207 2169 925
220 2109 314 2186 frigus
336 2110 360 2167 it
383 2125 399 2167 a
422 2106 533 2188 fluviis,
556 2106 636 2166 00100
658 2106 694 2167 ab
719 2106 794 2187 soie,
817 2113 917 2167 aestus
941 2105 976 2166 ab
1000 2106 1089 2167 undis
1118 2126 1157 2168 905

221 2198 371 2276 aequoris,
394 2213 499 2256 exesor
521 2212 704 2275 moerorum,
727 2194 813 2255 litera
832 2197 957 2256 circum:

151 2302 202 2353 900
220 2303 277 2346 090
298 2286 372 2344 00011
395 2289 512 2344 cessant
535 2285 649 2344 sonitus
672 2301 792 2343 manare
815 2301 869 2362 per
892 2301 993 2343 auras:

222 2373 348 2451 deniqne
371 2374 403 2430 10
427 2389 460 2432 00
483 2370 554 2432 salsi
576 2374 657 2432 venit
679 2390 765 2433 umor
788 2389 875 2450 saepe
899 2371 1028 2451 saporis,

222 2478 289 2521 cum
311 2477 392 2519 mare
415 2477 567 2520 versamur
589 2466 724 2540 propter,
747 2458 897 2538 dilutaque
921 2465 1025 2519 contra

151 2558 206 2609 930
222 2566 290 2608 0000
312 2550 423 2608 tuimur
445 2549 566 2607 misceri
588 2546 748 2628 absinthia,
770 2549 865 2626 tangit
887 2565 1012 2607 amaror.
1119 2569 1158 2609 90

221 2653 315 2713 nsque
339 2634 411 2695 adeo
435 2635 572 2696 omnibus
594 2634 630 2696 ab
650 2635 739 2697 rebus
757 2654 807 2696 res
826 2653 960 2714 quaeque
979 2634 1106 2695 fluenter
1119 2656 1158 2699 090

152 2742 202 2791 925
222 2725 316 2785 fertur
339 2725 423 2784 9110
446 2731 568 2784 cunctas
591 2723 750 2785 dimittitur
771 2724 903 2803 undique
925 2725 1034 2804 partis,
1120 2746 1159 2785 900

213 2831 269 2874 090
292 2830 374 2872 mora
396 2829 452 2872 nec
475 2814 594 2890 requies
617 2813 783 2873 interdatur
804 2812 864 2872 ulla
886 2810 1012 2892 fluendi,

222 2908 367 2981 perpetuo
391 2902 528 2979 quoniam
552 2903 696 2961 sentimus
720 2907 751 2960 et
773 2899 902 2961 cmnibu’
925 2917 1043 2980 semper

152 2997 206 3049 935
224 3007 346 3074 cernere
369 2988 487 3049 odorari
510 2988 581 3049 licet
603 2995 633 3049 et
656 2991 766 3050 sentire
791 3007 904 3049 sonare.
1122 3010 1161 3050 099

266 3076 352 3138 Νο00
375 3079 471 3137 omnis
493 3085 625 3156 repetam
644 3095 731 3157 quam
750 3095 817 3138 raro
836 3095 959 3156 corpore
979 3077 1040 3137 sint
1058 3095 1107 3137 res
1122 3097 1161 3137 900

153 3183 204 3232 900
223 3183 467 3246 commemorare3
490 3165 571 3244 quod
593 3168 624 3225 in
646 3167 742 3245 primo
766 3183 883 3245 quoque
907 3167 1037 3226 carmine
1061 3164 1160 3226 claret.

224 3257 332 3333 quippe
356 3256 475 3334 etenim,
498 3271 675 3332 quamquam
698 3253 805 3314 multas
827 3252 884 3314 hcc
906 3255 1037 3333 pertinet
1058 3254 1094 3313 ad
1113 3271 1163 3313 res

223 3361 360 3423 noscere,
383 3343 579 3420 cumprimis
602 3342 677 3402 hanc
700 3342 736 3403 ad
759 3360 823 3403 rem
845 3344 982 3422 protinus
1005 3343 1116 3423 ipsam,

152 3439 209 3490 940
226 3449 283 3512 qua
306 3431 342 3491 de
366 3429 513 3491 disserere
537 3430 706 3512 adgredior,
728 3431 846 3491 firmare
869 3438 1022 3492 necessest
1124 3453 1164 3493 000

216 3521 262 3584 nii
287 3540 356 3586 esse
381 3523 412 3585 in
435 3527 581 3605 promptu
599 3521 664 3582 nisi
680 3521 812 3580 01000000
829 3537 936 3596 carpus
954 3520 1045 3578 inani.
