2430 3878
101 186 164 252 188
584 187 624 242 VI

168 333 411 414 versabundaque
434 341 583 414 portatur,
608 341 677 414 post
698 336 789 395 incita
813 352 880 394 oum
903 335 948 393 vis

170 425 314 501 exagitata
336 424 415 484 foras
439 426 604 503 erumpitur
627 430 657 484 et
679 421 768 483 simul
790 421 878 482 altam

170 510 327 572 diffindens
349 518 459 572 terram
481 529 620 590 magnum
646 513 804 572 concinnat
824 510 947 570 hiatum.

100 604 154 656 565
168 601 199 660 in
222 599 306 679 Syria
329 599 437 659 Sidone
461 599 539 679 quod
562 599 670 660 accidit
692 607 722 659 et
744 599 802 660 fuit
823 598 896 676 Aegi
1074 618 1113 660 666

100 702 152 752 616
170 690 201 749 in
223 686 439 768 Peloponneso,
462 706 535 766 quas
559 690 655 748 exitus
676 686 726 748 hic
749 688 857 747 animai

171 775 318 836 disturbat
339 775 429 836 urbes
452 783 483 837 et
504 783 601 837 terrae
623 781 722 836 motus
745 774 881 835 obortus:

169 863 319 943 multaque
342 871 495 943 praeterea
518 864 689 925 ceciderunt
710 865 828 924 moenia
850 863 965 940 magnis

169 951 298 1013 motibus
321 954 353 1012 in
375 954 479 1033 terris,
501 959 532 1014 et
552 952 662 1014 multae
685 970 740 1030 per
761 969 842 1012 mare
865 968 989 1030 pessum

100 1046 154 1098 590
170 1039 331 1101 subsedere
355 1042 417 1100 suis
440 1043 551 1119 pariter
574 1059 641 1102 cum
664 1039 777 1101 civibus
800 1038 898 1100 urbes.
1071 1060 1109 1102 reo

100 1142 151 1192 615
170 1128 248 1209 quod
272 1130 331 1189 nisi
343 1132 521 1210 prorumpit,
540 1136 637 1189 tamen
661 1130 789 1208 impetus
811 1129 876 1207 ipse
899 1127 1009 1186 animai

171 1223 201 1278 et
222 1217 285 1277 sera
307 1219 352 1277 vis
374 1219 454 1277 venti
476 1235 531 1296 per
553 1216 658 1278 crebra
680 1217 824 1277 foramina
845 1222 943 1276 terrae

171 1304 346 1384 dispertitur
368 1310 402 1365 ut
422 1305 530 1365 horror
553 1311 583 1365 et
604 1307 712 1365 incutit
733 1304 802 1364 inde
825 1310 1001 1385 tremorcm3

170 1393 264 1472 frigus
287 1395 333 1454 uti
355 1399 473 1453 nostros
495 1396 614 1472 penitus
638 1410 705 1453 cum
728 1393 863 1453 venitin
885 1397 982 1471 artus,

100 1486 155 1537 595
170 1484 301 1542 concutit
322 1483 430 1541 invitos
454 1498 561 1559 cogens
584 1488 712 1542 tremere
735 1486 822 1558 atque
845 1497 973 1539 movere.
1069 1501 1105 1542 666

100 1582 152 1631 666
170 1570 292 1648 ancipiti
313 1568 463 1647 trepidant
485 1571 576 1647 igitur
597 1577 713 1630 terrore
735 1586 790 1648 per
812 1567 909 1647 urbis,

170 1663 247 1716 tecta
270 1674 398 1736 superne
420 1658 540 1737 timent,
562 1664 698 1718 metuunt
720 1657 835 1717 inferne
859 1673 999 1716 cavernas

169 1746 260 1804 terrai
283 1762 321 1804 ne
344 1742 487 1804 dissoluat
509 1751 613 1805 natura
635 1752 772 1826 repente,

170 1850 229 1892 neu
251 1832 391 1892 distracta
414 1850 501 1893 suum
523 1832 580 1893 late
604 1833 759 1912 dispandat
780 1832 893 1894 hiatum

100 1926 155 1977 600
170 1927 257 1999 atque
281 1922 344 1981 suis
367 1921 489 1981 confusa
511 1921 581 1982 velit
603 1921 751 2001 complere
773 1922 878 1982 ruinis.
1066 1943 1103 1982 eoo

100 2022 151 2072 625
169 2008 294 2087 proinde
317 2008 387 2069 licet
409 2011 541 2088 quamvis
564 2009 677 2070 caelum
699 2017 867 2088 terramque
890 2016 1014 2069 reantur

169 2099 341 2176 incorrupta
362 2097 425 2157 sore
449 2105 585 2158 aeternae
608 2097 744 2158 mandata
767 2096 868 2158 saluti:

170 2191 200 2246 et
221 2192 320 2246 tamen
342 2186 492 2246 interdum
514 2204 656 2264 praesens
678 2187 723 2245 vis
746 2187 809 2264 ipsa
832 2182 938 2264 pericli

170 2272 271 2334 subdit
293 2279 323 2334 et
345 2273 424 2335 hunc
447 2273 599 2334 stimulum
622 2272 747 2352 quadam
770 2272 806 2332 de
829 2280 912 2353 parte
935 2275 1065 2354 timoris,

99 2367 153 2418 605
170 2380 207 2422 ne
229 2361 355 2441 pedibus
378 2363 486 2440 raptim
508 2361 595 2422 tellus
619 2360 768 2422 subtracta
791 2361 903 2421 teratur
1066 2381 1104 2423 coe

99 2466 150 2515 666
169 2451 201 2510 in
222 2449 407 2530 barathrum,
430 2468 589 2528 rerumque
613 2457 754 2529 sequatur
775 2448 892 2528 prodita
915 2467 1031 2510 summa

169 2536 315 2618 funditus,
338 2543 368 2598 et
389 2539 441 2598 fiat
462 2538 566 2599 mimdi
589 2539 710 2598 contusa
732 2539 827 2598 ruina.

212 2623 297 2685 Nunc
319 2627 394 2685 ratio
418 2644 493 2704 quae
516 2628 567 2707 sit,
589 2645 644 2705 per
666 2627 766 2687 fauces
789 2626 898 2684 montis
920 2632 956 2686 ut
977 2624 1085 2686 Aetnae

98 2719 154 2771 646
168 2715 304 2792 expirent
325 2715 409 2791 ignes
432 2713 582 2774 interdum
604 2713 724 2775 turbine
746 2719 840 2794 tanto,
1064 2735 1104 2776 ate

170 2801 336 2880 expediam:
358 2820 455 2881 neque
478 2804 558 2863 enim
581 2803 724 2863 mediocri
746 2800 828 2862 clade
852 2809 953 2862 coorta

98 2905 149 2956 635
168 2889 303 2950 flammea
324 2896 485 2969 tempestas
509 2890 640 2951 Siculum
663 2890 812 2951 dominata
833 2908 888 2969 per
911 2907 997 2969 agros

167 2979 303 3038 finitimis
326 2977 362 3038 ad
385 2997 418 3038 se
442 2981 586 3040 convertit
608 2977 744 3058 gentibus
768 2995 832 3058 ora,

168 3067 279 3127 fumida
302 3084 369 3127 cum
392 3066 466 3127 caeli
488 3065 649 3127 scintillare
673 3069 770 3127 omnia
791 3064 902 3144 templa

98 3160 152 3211 645
169 3161 325 3216 cernentes
347 3155 452 3234 pavida
475 3154 660 3234 complebant
681 3161 801 3234 pectora
824 3173 909 3235 cura,
1064 3174 1102 3215 eu

168 3244 237 3322 quid
260 3241 415 3304 moliretur
437 3261 537 3304 rerum
559 3250 664 3304 natura
686 3261 835 3303 novarum.

97 3347 149 3397 646
211 3330 300 3392 Hisce
324 3330 380 3392 tibi
402 3334 434 3391 in
456 3331 546 3392 rebus
569 3330 655 3392 latest
678 3330 794 3411 alteque
817 3330 977 3392 videndum

167 3425 198 3480 et
221 3417 308 3498 longe
332 3426 453 3480 cunctas
476 3422 507 3480 in
529 3421 622 3498 partis
646 3415 874 3500 dispiciendum,

159 3516 193 3570 ut
216 3511 429 3572 reminiscaris
453 3526 601 3572 summam
620 3525 726 3569 rerum
744 3526 810 3566 esse
828 3505 1005 3584 protendam
