2430 3878
588 203 628 258 ΠΙ
1066 202 1109 267 83

172 370 228 413 nec
249 357 332 412 tenet
354 353 492 413 amissam
513 350 624 413 laevam
648 370 714 412 cum
737 352 866 429 tegmine
889 369 976 429 saepe

173 443 252 500 inter
274 458 367 519 equos
389 440 525 501 abstraxe
548 447 628 501 rotas
651 440 799 518 falcesque
822 457 956 520 rapaces,
1070 460 1110 502 coo

173 546 228 589 nec
252 528 395 588 cecidisse
418 527 493 588 alius
516 530 662 608 dextram,
685 546 753 588 cum
775 527 890 588 scandit
912 534 942 587 et
964 529 1062 588 instat.

101 633 154 684 600
174 615 243 676 inde
267 615 342 676 alius
365 624 488 677 conatur
511 616 646 695 adempto
671 632 793 693 surgere
817 633 917 695 omre,

174 723 241 766 cum
265 704 373 783 digitos
395 706 485 782 agitat
506 713 628 783 propter
650 703 844 764 moribundus
867 702 950 763 humi
971 721 1033 781 pes.

174 799 205 853 et
226 799 315 870 caput
337 792 485 853 abscisum
509 792 602 853 calido
625 795 800 870 viventeque
822 798 928 852 trunco

175 887 272 941 servat
293 880 376 940 humi
398 880 508 941 voltum
531 880 648 941 vitalem
672 878 831 958 oculosque
853 881 994 960 patentis,
1069 900 1109 942 aaa

174 968 269 1029 donec
291 969 431 1047 reliquias
454 970 561 1029 animai
583 968 713 1029 reddidit
735 985 845 1029 omnes.

102 1073 156 1123 666
176 1059 249 1135 quin
271 1058 360 1117 etiam
382 1056 437 1116 tibi
460 1059 500 1137 si,
522 1056 622 1134 lingua
644 1055 791 1135 vibrante,
813 1057 934 1115 micanti

176 1147 323 1224 serpentis
345 1145 437 1205 cauda
459 1163 584 1223 procero
607 1162 731 1223 corpore
753 1150 891 1204 truncum

176 1235 216 1292 sit
238 1231 354 1292 libitum
376 1235 409 1293 in
431 1231 538 1293 multas
560 1235 653 1311 partis
677 1232 823 1292 discidere
845 1231 938 1311 ferro,
989 1294 992 1298 ,

176 1321 274 1380 omnia
296 1322 354 1380 iam
377 1338 493 1380 sorsum
517 1338 621 1380 cernes
645 1322 743 1380 ancisa
765 1322 879 1380 recenti
1071 1341 1111 1382 666

175 1407 296 1468 volnere
318 1410 424 1468 tortari
446 1414 476 1468 et
497 1414 608 1468 terram
631 1425 826 1485 conspargere
848 1405 930 1488 tabo,

102 1512 158 1563 660
175 1496 271 1574 ipsam
294 1514 385 1574 seque
407 1502 488 1555 retro
510 1502 625 1574 partem
646 1501 748 1574 petere
771 1513 823 1556 ore
845 1497 988 1576 priorem,
1026 1562 1033 1576 ι

175 1582 304 1644 volneris
328 1584 479 1644 ardentem
501 1591 535 1644 ut
556 1602 659 1644 morsu
680 1590 796 1662 premat
817 1585 875 1644 icta
898 1582 1037 1644 dolorem.

177 1671 313 1731 omnibus
336 1690 402 1732 esse
426 1674 516 1750 igitur
538 1678 615 1732 totas
638 1673 770 1732 dicemus
793 1673 824 1732 in
847 1671 905 1732 illis

176 1759 329 1839 particulis
351 1756 485 1820 animas?
520 1767 550 1820 at
572 1779 606 1820 ea
628 1762 742 1821 ratione
765 1767 906 1839 sequetur
1071 1781 1110 1822 ees

176 1866 266 1908 unam
293 1849 471 1908 animantem
498 1850 609 1908 animas
634 1847 771 1909 habuisse
794 1851 826 1908 in
849 1865 972 1927 corpore
995 1846 1110 1906 multas.

103 1953 157 2003 666
177 1954 247 2014 ergo
270 1934 391 1996 divisast
414 1954 448 1996 ea
471 1954 545 2015 quae
568 1937 624 1997 luit
645 1954 703 1997 una
726 1936 815 1997 simul
837 1954 904 1997 cum

177 2041 313 2105 corpore;
337 2030 516 2103 quapropter
537 2023 660 2085 mortale
683 2032 841 2103 utrumque
864 2023 1067 2103 putandumst,

177 2115 209 2172 iu
231 2110 348 2172 multas'
361 2114 500 2191 quoniam
522 2114 614 2191 partis
637 2112 792 2172 disciditur
815 2107 945 2190 aequess

220 2199 376 2260 Praeterea
399 2202 426 2260 si
447 2199 612 2260 inmortalis
634 2208 737 2259 natura
761 2201 869 2259 animai
1072 2220 1112 2261 cro

179 2295 295 2349 constat
316 2295 347 2348 et
368 2290 400 2348 in
423 2306 530 2366 corpus
553 2287 741 2348 nascentibus
764 2288 944 2367 insinuatur,

105 2393 159 2442 670
178 2395 232 2437 cur
255 2393 361 2454 supera
387 2382 454 2436 ante
478 2382 571 2436 actam
594 2382 719 2436 aetatem
741 2375 911 2435 meminisse
935 2375 1092 2453 nequimus

179 2482 234 2525 nec
256 2465 380 2542 vestigia
402 2469 552 2541 gestarum
574 2482 676 2524 rerum
697 2461 756 2523 ulla
778 2459 936 2524 tenemus?

177 2570 246 2612 nam
270 2553 296 2611 si
317 2557 398 2612 tanto
422 2559 541 2629 operest
563 2554 653 2612 animi
676 2557 785 2611 mutata
810 2558 954 2632 potestas,

177 2641 273 2700 omnis
296 2646 330 2699 ut
352 2645 483 2699 actarum
506 2639 648 2699 exciderit
670 2641 827 2700 retinentia
849 2657 963 2719 rerum,
1072 2659 1111 2701 crs

177 2746 250 2808 non,
272 2734 306 2787 ut
328 2729 445 2806 opinor,
468 2726 498 2787 id
521 2745 538 2787 a
560 2727 619 2788 leto
642 2729 700 2786 iam
723 2726 850 2805 longiter
873 2733 964 2808 errat3

106 2832 159 2882 ava
178 2821 359 2894 quapropter
380 2815 489 2875 fateare
512 2822 663 2876 necessest
686 2833 761 2894 quae
784 2815 840 2875 luit
862 2821 929 2875 ante

177 2905 340 2982 interiisse,
364 2910 490 2981 atquae
512 2920 591 2964 nunc
614 2910 660 2963 est
681 2921 761 2963 nunc
784 2921 849 2962 esse
873 2909 1010 2963 creatam

220 2991 377 3052 Praeterea
400 2993 426 3050 si
448 2992 507 3050 iam
528 2992 661 3070 perlecto
684 3008 808 3072 corpore
832 2990 917 3051 nobis

176 3081 282 3140 inferri
304 3078 419 3139 solitast
440 3081 555 3140 animae
578 3081 671 3140 vivata
693 3086 823 3161 potestas
1072 3099 1112 3140 eso

176 3175 239 3228 tum
262 3184 330 3228 cum
353 3169 500 3246 gignimur
523 3175 553 3227 et
574 3170 651 3228 vitae
674 3186 742 3228 cum
764 3169 855 3229 limen
877 3169 1000 3248 inimus,

105 3272 159 3323 680
176 3256 254 3316 haud
277 3257 318 3315 ita
340 3254 531 3315 conveniebat
553 3257 597 3316 uti
619 3274 687 3316 cum
710 3274 833 3334 corpore
857 3263 887 3316 et
909 3274 968 3316 una

177 3363 244 3405 cum
267 3342 409 3403 memhris
431 3343 564 3403 videatur
586 3346 618 3404 in
640 3346 705 3422 ipso
730 3344 871 3421 sanguine
896 3361 1008 3425 cresse,

179 3431 230 3492 sed
252 3430 334 3492 velut
355 3433 386 3491 in
409 3449 495 3492 cavea
518 3449 572 3509 per
595 3449 627 3492 se
651 3431 707 3492 sibi
730 3433 829 3492 vivere
853 3430 945 3492 solam

177 3522 325 3600 convenit,
349 3527 381 3580 ut
404 3537 494 3581 sensu
517 3537 627 3603 corpus
648 3526 753 3583 tamen
773 3519 859 3583 aiuat
878 3537 985 3580 omne.
1086 3535 1132 3576 sse

888 3621 928 3675 Q*
