2430 3878
591 239 618 294 V
1039 239 1104 303 145

100 403 156 454 soc
174 403 350 448 evanescere
372 385 513 464 paulatim
536 393 566 446 et
588 385 760 447 decrescere
782 385 898 464 pondus
1064 407 1105 449 ors

100 484 158 534 536
175 476 325 554 convenit,
349 480 435 552 atque
459 473 546 534 aliam
568 481 703 535 naturam
726 480 828 552 supter
850 472 959 535 habere

175 581 211 624 ex
235 565 356 623 ineunte
380 579 450 622 aevo
473 564 659 623 coniunctam
682 569 769 640 atque
793 564 892 623 uniter
914 569 1011 641 aptam

174 650 308 731 partibus
331 651 421 711 aeriis
443 649 560 731 mundi,
583 649 690 729 quibus
714 652 803 710 insita
825 652 905 711 vivit

110 762 129 791 s
174 746 331 820 propterea
353 755 413 798 non
436 745 483 798 est
504 740 589 798 oneri
611 757 708 818 neque
731 737 870 817 deprimit
893 756 979 799 auras

101 844 156 894 565
174 835 208 889 ut
230 845 282 888 sua
305 828 412 905 cuique
434 826 549 886 homini
570 825 651 887 nullo
674 833 744 886 suut
761 827 892 905 pondere
909 825 1050 907 membra,
1064 848 1105 890 oro

101 924 158 976 511
176 934 232 977 nce
254 921 342 994 ceput
364 922 410 975 est
432 915 516 975 oneri
539 912 626 996 collo,
648 932 704 975 nec
727 914 855 994 denique
877 921 972 975 totum

176 1005 308 1083 corporis
331 1004 363 1062 iu
385 1001 511 1081 pedibus
532 1002 649 1082 pondus
672 1005 815 1063 sentimus
837 1005 948 1064 inesse:

175 1099 204 1153 at
226 1109 429 1170 quaecumque
452 1091 524 1151 soris
546 1093 668 1152 veniunt
690 1093 865 1170 inpostaque
887 1091 973 1153 uobis

174 1180 305 1259 pondera
328 1186 399 1240 sunt
419 1178 551 1260 laedunt,
573 1179 720 1258 permulto
743 1197 831 1258 saepe
853 1181 975 1241 minora.

102 1285 157 1335 610
175 1286 271 1347 usque
294 1267 366 1329 adeo
389 1269 488 1345 magni
510 1267 602 1328 refert
624 1268 694 1346 quid
718 1285 851 1347 quaeque
874 1274 963 1347 queat
984 1285 1042 1328 res.
1065 1289 1105 1330 su

103 1364 160 1417 516
178 1359 222 1417 sic
244 1358 336 1435 igitur
358 1355 447 1416 tellus
469 1374 529 1416 nou
552 1362 599 1416 cst
620 1355 714 1416 aliena
736 1363 859 1435 repente

176 1443 260 1505 allata
282 1451 370 1522 atque
393 1445 473 1505 auris
496 1442 613 1504 aliunde
637 1444 751 1504 obiecta
777 1444 895 1525 alienis,

177 1533 229 1593 scd
251 1534 363 1610 pariter
384 1534 480 1611 prima
503 1539 644 1611 concepta
667 1531 702 1592 ab
726 1534 840 1611 origine
862 1532 965 1592 mundi

178 1627 316 1698 certaque
338 1638 408 1698 pars
431 1622 508 1700 eius,
531 1623 615 1699 quasi
636 1619 723 1680 nobis
744 1620 890 1701 membra,
911 1621 1036 1680 ridetur.

102 1728 156 1778 51⁶
175 1715 328 1789 praeterea
351 1707 455 1787 grandi
476 1710 589 1769 tonitru
611 1727 754 1769 concussa
777 1717 899 1787 repente
1066 1731 1106 1771 oso

102 1806 159 1859 551
178 1804 257 1857 terra
280 1814 369 1875 supra
392 1814 467 1875 quae
490 1814 522 1856 se
545 1803 615 1857 sunt
637 1799 768 1857 concutit
789 1799 887 1858 omnia
909 1804 1004 1878 motu3

177 1884 255 1965 quod
277 1885 373 1945 iacere
396 1884 467 1944 haut
489 1882 548 1944 ulla
569 1893 671 1964 posset
693 1887 820 1966 ratione,
842 1886 902 1945 nisi
924 1893 1003 1946 esset

175 1972 309 2052 partibus
332 1973 421 2033 aeriis
444 1971 548 2032 mundi
570 1971 708 2052 caeloque
731 1974 874 2033 revincta:

175 2079 245 2122 uam
267 2059 472 2122 communibus
494 2061 573 2120 iuter
596 2078 628 2120 se
651 2059 800 2121 radicibus
824 2060 947 2122 haerent

103 2166 158 2216 520
177 2167 214 2210 ex
236 2151 356 2210 incunte
378 2167 449 2209 aevo
472 2150 629 2208 coniuncta
651 2155 737 2227 atque
759 2150 858 2209 uniter
881 2156 955 2227 apta.
1065 2170 1106 2211 555

103 2245 162 2298 556
177 2254 275 2298 noune
296 2236 378 2297 rides
401 2238 490 2297 etiam
513 2253 600 2314 quam
622 2253 727 2314 magno
749 2235 880 2314 pondere
902 2236 988 2297 uobis

178 2326 321 2386 sustineat
343 2343 450 2403 corpus
472 2325 646 2384 tenuissima
668 2326 713 2383 vis
736 2325 844 2383 animai

177 2419 333 2492 propterea
356 2414 424 2491 quia
446 2419 507 2472 tam
530 2414 686 2472 coniuncta
708 2418 795 2490 atque
817 2413 916 2472 uniter
938 2409 1055 2492 aptast?

178 2501 305 2579 denique
328 2502 386 2560 iam
409 2500 485 2561 saltu
508 2501 624 2579 pernici
645 2499 749 2560 tollere
772 2517 881 2578 corpus

104 2604 159 2654 525
179 2587 249 2667 quid
262 2590 340 2666 potis
350 2590 463 2648 estuisi
472 2590 517 2648 vis
527 2590 649 2669 animae,
664 2605 738 2668 quae
748 2587 879 2649 membra
889 2586 1053 2668 gubernat?
1067 2609 1107 2651 reo

105 2683 161 2734 561
177 2678 274 2736 iamne
296 2675 379 2736 vides
402 2683 543 2755 quantum
565 2678 664 2737 tenuis
686 2683 789 2737 natura
812 2676 908 2737 valere

176 2765 284 2845 possit,
306 2763 387 2824 ubist
409 2767 563 2825 coniuncta
586 2766 668 2843 gravi
691 2782 758 2825 cum
780 2782 916 2844 corpore,
938 2772 972 2826 ut
994 2769 1044 2825 air

177 2853 351 2912 coniunctus
374 2855 463 2912 terris
486 2859 516 2912 et
537 2851 623 2913 uobis
648 2859 694 2913 est
716 2855 830 2914 animae
853 2848 918 2913 vis?

220 2939 348 3000 Motibus
372 2946 517 3002 astrorum
540 2959 618 3001 nuuc
641 2959 715 3019 quae
739 2943 778 3001 sit
800 2958 886 3001 causa
910 2959 1055 3002 canamus.

106 3044 158 3094 550
176 3029 323 3108 principio
346 3046 470 3107 maguus
493 3028 567 3088 caeli
589 3031 617 3090 si
638 3030 765 3089 vortitur
788 3028 882 3108 orbis,
1067 3051 1109 3092 sro

106 3124 158 3175 511
178 3134 215 3177 cr
237 3123 362 3195 utraque
385 3116 485 3195 polum
507 3119 584 3195 parti
606 3135 742 3195 premere
766 3121 832 3176 aera
854 3114 940 3176 nohis

177 3203 364 3265 dicendumst
385 3212 526 3284 extraque
550 3211 652 3266 tencre
676 3212 706 3266 et
728 3204 863 3267 claudere
886 3204 1048 3286 utrimque3

176 3292 245 3354 inde
268 3292 359 3354 alium
382 3311 470 3373 supra
493 3292 584 3354 fluere
608 3301 695 3372 atque
717 3291 872 3353 intendere
894 3291 1010 3372 eodem,

178 3399 236 3460 quo
258 3381 399 3442 volvenda
421 3384 531 3442 micant
553 3383 667 3442 aeterni
690 3381 786 3441 sidera
809 3380 926 3461 muudi3

104 3485 157 3535 565
176 3477 226 3530 aut
248 3469 340 3530 alium
363 3477 478 3551 supter,
501 3476 602 3530 contra
625 3471 677 3548 qui
700 3468 842 3529 subvehat
865 3457 981 3548 orbem,
1069 3490 1111 3531 ms

102 3565 160 3615 516
175 3565 208 3618 ut
229 3558 335 3618 duvios
359 3576 475 3621 versare
500 3565 582 3622 rotas
605 3566 696 3642 atque
714 3557 848 3621 haustra
864 3555 1022 3617 ridemus.

142 3664 289 3709 Erremus.
304 3667 340 3709 ed
355 3669 489 3726 Brtcger.
896 3661 935 3710 m
