2430 3878
594 204 620 259 V
1043 203 1105 268 157

173 356 203 410 91
224 352 334 429 partim
356 349 444 428 plane
469 357 583 411 scatere
607 357 694 430 atque
717 369 874 430 erumpere
898 369 1009 431 campo.

98 455 153 504 969
171 438 299 499 necdum
321 455 370 498 res
393 439 455 516 igni
478 437 594 498 scibant
615 445 742 499 tractare
764 457 861 518 neque
884 443 928 501 uti

97 532 153 585 951
171 526 299 607 pellibus
324 532 353 586 91
376 526 479 605 spoliis
503 545 611 607 corpus
633 531 742 588 vestire
766 527 909 608 ferarum,

173 615 225 675 sed
248 632 369 675 nemora
392 621 479 694 atque
503 633 589 676 cavos
612 617 721 675 montis
745 614 891 694 silvasque
910 616 1053 698 colebant,
1067 637 1107 678 966

173 709 203 763 91
226 703 348 764 frutices
371 704 450 763 inter
473 702 637 763 condebant
660 703 793 782 squalida
815 703 961 786 membra,

172 791 296 852 verbera
318 797 473 852 ventorum
496 793 589 852 vitare
613 790 777 872 imbrisque
800 795 901 852 coacti.

101 895 154 945 945
174 897 229 940 996
252 897 407 940 commune
430 878 539 940 bonum
562 886 699 958 poterant
721 887 868 961 spectare,
890 899 986 961 neque
1009 879 1077 941 ullis

99 973 159 1026 956
175 967 308 1028 moribus
332 969 410 1027 inter
433 986 464 1028 se
488 967 604 1028 scibant
625 986 681 1029 nec
706 967 820 1046 legibus
842 970 895 1029 uti.

175 1055 252 1136 quod
275 1057 383 1136 cuique
407 1054 553 1116 obtulerat
574 1057 700 1135 praedae
723 1056 853 1138 fortuna,
877 1055 989 1117 ferebat
1067 1079 1106 1119 966

175 1151 279 1223 sponte
303 1163 355 1205 sua
378 1143 435 1204 sibi
459 1147 584 1223 quisque
608 1144 704 1205 valere
728 1150 758 1204 et
780 1147 878 1205 vivere
897 1145 1008 1206 doctus.

175 1240 206 1293 ct
226 1232 325 1293 Venus
347 1234 379 1292 in
403 1232 484 1293 silvis
507 1231 647 1312 iungebat
670 1251 793 1312 corpora
816 1239 977 1294 amantum:

100 1335 157 1386 959
177 1319 351 1382 conciliabat
365 1323 453 1382 'enim
476 1320 523 1381 vel
544 1328 647 1381 mutua
669 1339 815 1400 quamque
839 1321 945 1401 cupide

101 1408 224 1470 961vel
245 1408 373 1469 violenta
395 1411 452 1468 viri
475 1411 519 1469 vis
542 1415 629 1489 atque
652 1411 776 1489 inpensa
798 1407 889 1470 libide

175 1497 221 1558 vel
243 1499 386 1578 pretium,
409 1496 528 1574 glandes
552 1504 639 1576 atque
663 1497 757 1558 arbita
778 1496 825 1557 vel
847 1499 912 1576 pira
935 1496 1018 1558 lecta.
1068 1517 1107 1559 966

177 1592 207 1647 91
228 1603 369 1646 manuum
390 1587 466 1645 mira
488 1585 558 1645 freti
578 1587 686 1646 virtute
709 1585 877 1665 pedumque
1068 1609 1107 1648 966

177 1672 421 1735 consectabantur
444 1672 589 1734 silvestria
613 1672 709 1735 saecla
731 1673 874 1755 ferarum,
1068 1696 1107 1737 966

105 1775 158 1826 955
177 1761 340 1823 missilibus
363 1764 442 1822 saxis
466 1768 495 1822 et
517 1780 622 1840 magno
646 1761 776 1842 pondere
800 1761 906 1823 clavae.
1068 1783 1108 1824 966

102 1854 162 1908 965
177 1849 326 1929 multaque
348 1848 517 1931 vincebant,
540 1849 670 1910 vitabant
691 1868 784 1928 pauca
806 1849 942 1931 latebris3
1067 1871 1108 1913 969

178 1940 390 2016 saetigerisque
414 1956 501 2017 pares
520 1937 611 1998 subus
635 1936 780 1999 silvestria
803 1938 934 1999 membra
1069 1960 1108 2000 969
1155 1947 1158 1952 ’

177 2026 256 2087 nuda
278 2026 386 2086 dabant
408 2034 518 2106 terrae,
541 2032 685 2086 nocturno
707 2032 840 2106 tempore
864 2028 954 2107 capti,
1069 2049 1109 2088 ovo

107 2121 163 2173 970
179 2117 291 2176 circum
314 2133 346 2174 se
370 2113 448 2174 loliis
472 2132 506 2174 96
528 2112 681 2174 frondibus
704 2112 894 2175 involventes,

107 2217 160 2269 960
178 2221 234 2264 996
256 2202 396 2282 plangore
419 2202 498 2262 diem
520 2219 626 2280 magno
650 2201 801 2281 solemque
823 2220 877 2281 per
899 2219 985 2280 agros

180 2289 360 2371 quaerebant
382 2289 479 2370 pavidi
501 2289 632 2368 palantes
655 2291 751 2350 noctis
773 2291 805 2349 in
827 2288 955 2371 umbris,

180 2379 233 2440 sed
255 2381 338 2440 taciti
360 2377 566 2458 respectabant
588 2373 894 2459 somnoque-sepulti,

180 2468 250 2528 dum
272 2484 358 2528 rosea
381 2467 443 2527 lace
467 2465 512 2526 sol
533 2466 657 2526 interret
679 2465 790 2526 lumina
814 2466 908 2527 caele:

108 2562 197 2616 9759
219 2557 316 2635 parvis
340 2555 417 2634 quod
441 2557 520 2615 enim
543 2562 720 2615 consuerant
742 2573 865 2616 cernere
888 2574 1006 2637 semper

109 2642 293 2710 9659119696
315 2641 453 2704 tenebras
476 2649 506 2703 et
527 2642 624 2703 lucem
646 2650 779 2722 tempore
803 2646 896 2725 gigni,

180 2750 240 2792 non
263 2737 326 2792 erat
347 2737 381 2791 ut
403 2731 469 2790 fieri
489 2738 611 2810 possent
632 2733 769 2793 mirarier
790 2749 928 2813 umquam

180 2839 236 2880 nec
258 2819 405 2900 diffidere,
429 2837 465 2879 ne
490 2826 584 2880 terras
607 2826 725 2881 aeterna
746 2827 862 2880 teneret

180 2927 239 2968 nox
261 2910 489 2987 inperpetuum
512 2907 642 2968 detracto
666 2907 777 2969 lumine
801 2906 879 2968 selis.

109 3003 168 3056 999
182 2996 233 3057 sed
256 2998 350 3074 magis
372 2995 444 3055 illud
468 3002 532 3056 erat
553 3014 653 3077 curae,
677 2995 755 3074 quod
778 2994 872 3056 saecla
895 2994 1024 3054 ferarum

110 3102 162 3152 979
181 3084 319 3145 infestam
341 3085 459 3144 miseris
482 3083 627 3144 faciebant
648 3102 735 3163 saepe
760 3085 901 3163 quietem:

182 3175 326 3251 eiectique
350 3172 436 3232 domo
460 3171 609 3250 fugiebant
632 3190 718 3232 saxea
741 3178 819 3232 tecta

182 3262 344 3341 spumigeri
366 3262 429 3321 suis
452 3259 576 3321 adventu
599 3259 745 3339 validique
769 3259 875 3340 leonis,

181 3356 269 3428 atque
291 3351 468 3428 intempesta
491 3347 634 3408 cedebant
657 3354 742 3409 nocte
765 3354 904 3427 paventes

108 3443 167 3496 985
180 3436 346 3516 hospitibus
371 3439 464 3497 saevis
489 3438 612 3496 instrata
635 3436 742 3496 cubilia
764 3436 876 3496 fronde.

192 3525 193 3529 ’
213 3521 278 3588 964
293 3553 333 3575 =
347 3525 413 3586 967
416 3547 425 3608 5
444 3521 508 3588 966
524 3551 566 3574 =
582 3523 659 3610 9653
675 3522 738 3589 961
756 3552 798 3574 =
813 3525 875 3588 966
895 3531 930 3582 et
942 3525 1021 3584 969,
