2430 3878
166 160 230 224 114
649 159 688 215 IV

164 323 217 373 646
235 313 265 367 et
287 309 399 367 variare
422 308 485 367 viae
508 307 633 385 proinde
657 325 690 368 ac
712 314 829 367 textura
851 311 977 368 coercet.

166 410 221 461 656
235 394 292 454 hoc
314 394 366 455 ubi
388 395 466 474 qnod
489 403 607 455 suavest
629 394 695 455 aliis
718 394 783 456 aliis
805 395 839 456 fit
861 413 1006 478 amarum,

234 482 289 563 illi,
313 485 361 543 cui
384 490 513 565 suavest,
535 483 684 543 levissima
707 501 830 562 corpora
853 483 962 545 debent

235 570 482 631 contractabiliter
505 571 602 631 caulas
625 574 736 632 intrare
759 570 861 651 palati,
1124 592 1156 635 666

235 665 265 718 at
286 667 388 720 contra
411 659 517 738 quibus
540 666 586 719 est
608 659 710 720 eadem
733 677 782 719 res
804 661 884 719 intus
907 658 1027 740 acerba,

166 762 217 812 646
235 765 351 827 aspera,
374 749 527 829 nimirum,
549 754 704 825 penetrant
725 747 899 826 hamataque
922 748 1032 808 fauces.

165 851 219 901 661
233 854 312 895 nunc
334 834 449 896 facilest
471 853 507 895 ex
528 835 576 895 bis
599 835 688 897 rebus
712 853 888 914 cognoscere
912 854 1061 916 quaeque:

658 941 676 981 ss

235 1013 357 1090 quippe,
379 1010 431 1071 ubi
453 1012 500 1071 cui
524 1009 615 1071 febris
637 1010 691 1071 bili
714 1019 870 1090 superante
894 1018 1024 1072 coortast

235 1105 285 1159 aut
308 1098 362 1158 alia
385 1101 498 1159 ratione
521 1098 647 1177 aliquast
667 1101 713 1160 vis
736 1101 830 1160 excita
851 1099 961 1179 morbi,
1128 1121 1163 1164 666

235 1186 425 1266 perturbatur
446 1187 489 1246 ibi
511 1189 570 1247 iam
592 1194 687 1247 totum
710 1206 829 1267 corpus,
855 1194 885 1247 et
906 1205 1010 1248 omnes

166 1290 218 1341 666
237 1281 453 1336 commutantur
475 1273 518 1334 ibi
540 1277 690 1353 positurae
712 1277 938 1356 principiorum,

166 1379 222 1430 666
235 1370 269 1423 ut
291 1366 373 1442 prius
397 1364 433 1423 ad
456 1381 576 1422 sensum
600 1381 673 1440 quae
697 1381 820 1442 corpora
843 1362 1059 1424 conveniebant

235 1469 314 1512 nnnc
337 1468 395 1510 non
418 1453 604 1530 conveniant,
628 1457 658 1512 et
680 1458 779 1512 cetera
802 1453 861 1511 sint
883 1454 977 1530 magis
1000 1458 1081 1532 apta,

236 1558 309 1618 quae
332 1545 483 1617 penetrata
505 1545 616 1616 queunt
635 1557 753 1600 sensum
771 1541 947 1619 progignere
967 1539 1115 1601 acerbum.
1129 1563 1165 1603 cao

235 1634 358 1705 utraque
382 1629 461 1687 enim
484 1628 607 1686 suntin
628 1626 725 1687 mellis
748 1630 905 1688 commixta
928 1645 1044 1706 sapore.
1129 1651 1165 1691 66

165 1731 217 1780 666
279 1714 363 1774 Ν666
386 1731 452 1794 age,
475 1732 533 1792 quo
556 1722 641 1792 pacto
664 1717 746 1776 naris
768 1716 898 1777 adiectus
922 1716 1023 1776 odoris
1129 1740 1166 1780 666

166 1819 221 1870 672
235 1809 335 1880 tangat
357 1820 448 1880 agam.
484 1804 612 1880 primum
635 1821 685 1865 res
707 1803 813 1864 multas
836 1822 901 1864 6666
924 1812 1077 1865 necessest

234 1890 312 1950 unde
335 1890 430 1950 iluens
453 1889 547 1950 volvat
569 1893 666 1951 varius
690 1909 723 1952 se
745 1892 852 1952 fluctus
875 1891 1012 1972 odorum,
1129 1913 1166 1954 66

235 1985 265 2038 et
287 1979 379 2038 iluere
402 1984 432 2038 et
455 1980 533 2038 mitti
554 1978 637 2057 volgo
661 1982 818 2058 spargique
840 1979 1044 2058 putandumst:

165 2082 220 2132 675
233 2084 336 2126 verum
359 2065 423 2126 aliis
447 2065 521 2127 alins
544 2069 636 2146 magis
660 2074 706 2129 est
727 2066 923 2128 animantibus
946 2075 1048 2150 aptae,

165 2171 216 2221 666
235 2153 387 2214 dissimilis
410 2161 531 2234 propter
553 2155 671 2215 formas.
707 2155 832 2234 ideoque
854 2174 908 2234 per
931 2173 1018 2216 auras

234 2242 329 2303 mellis
353 2261 422 2322 apes
446 2245 578 2322 quamvis
600 2243 686 2322 longe
709 2243 857 2304 ducuntur
879 2243 983 2326 odore,
1053 2303 1055 2306 ,

234 2330 410 2409 volturiique
433 2331 636 2391 cadaveribus:
659 2339 722 2391 tum
745 2332 814 2392 fissa
835 2331 964 2392 ferarum
1128 2354 1166 2395 666

233 2418 344 2498 ungula
366 2437 423 2497 quo
446 2418 548 2479 tulerit
570 2437 704 2497 gressum
726 2421 870 2498 permissa
893 2437 998 2480 canum
1020 2422 1066 2480 vis

164 2523 220 2573 666
233 2507 327 2586 ducit,
349 2513 379 2565 et
400 2506 559 2567 humanum
581 2507 666 2585 longe
689 2510 850 2586 praesentit
874 2508 995 2586 odorem

164 2609 215 2660 666
233 2592 455 2653 Romulidarum
477 2597 553 2655 arcis
577 2602 722 2676 servator,
744 2594 886 2656 candidus
909 2613 1005 2656 anser.

234 2683 277 2742 sic
300 2681 365 2741 aliis
388 2680 462 2742 alius
484 2682 571 2742 nidor
594 2683 678 2743 datus
701 2684 737 2743 ad
761 2701 814 2743 666
833 2701 983 2762 quamque

233 2769 338 2848 pabula
360 2768 442 2831 ducit
464 2777 493 2830 ct
515 2789 533 2830 6
553 2776 631 2831 tetro
654 2770 769 2831 resilire
792 2789 904 2832 veneno
1125 2791 1166 2833 666

235 2860 325 2938 cogit,
348 2875 442 2936 eoque
464 2859 551 2918 modo
576 2866 729 2919 servantur
752 2859 845 2922 saecla
871 2859 1008 2920 ferarum.

164 2962 220 3013 665
277 2945 332 3006 Hic
355 2945 428 3007 odor
450 2948 514 3025 ipse
536 2948 642 3027 igitur,
663 2949 744 3006 naris
768 2950 946 3026 quicumque
969 2946 1102 3028 lacessit,

164 3050 215 3101 oto
234 3041 280 3094 est
302 3033 357 3094 alio
381 3040 415 3095 ut
436 3037 530 3113 possit
552 3037 685 3113 permitti
706 3034 822 3113 longius
846 3035 933 3096 alter:

234 3123 285 3183 sed
307 3129 406 3183 tamen
428 3121 505 3184 baud
529 3125 685 3201 quisquam
707 3130 767 3183 tam
789 3122 875 3202 longe
898 3123 994 3183 fertur
1016 3140 1119 3184 eorum

124 3200 127 3206 ’
234 3229 321 3289 quam
339 3213 463 3293 sonitus,
482 3229 568 3289 quam
586 3229 651 3292 vox,
668 3213 753 3270 mitto
771 3214 833 3272 iam
849 3211 948 3272 dicere
963 3229 1051 3291 quam
1065 3229 1114 3271 res
1128 3231 1167 3272 666

233 3317 307 3378 quae
331 3298 441 3360 feriunt
463 3298 614 3359 ocrdorum
638 3301 716 3359 acies
737 3301 892 3378 visumque
915 3299 1073 3360 lacessunt

162 3404 217 3455 666
234 3386 416 3449 errabundus
440 3390 518 3448 enim
540 3387 623 3446 tarde
646 3389 739 3469 venit,
762 3406 796 3448 ac
818 3390 896 3468 perit
918 3394 986 3449 ante

544 3471 806 3553 [672]=1429.
831 3480 838 3515 ³
878 3520 899 3531 ..
