2430 3878
461 195 741 253 PROIAEGOMENA.
1017 195 1108 256 XXIII

100 343 172 424 quid
199 345 294 423 igitur
313 351 517 425 expectamus,
544 345 603 405 nisi
626 361 695 404 eum
717 344 867 406 dicturum
889 362 954 406 esse
978 362 1011 405 ea
1034 362 1106 422 quo-

100 450 258 512 quequae
281 451 318 492 ex
341 433 511 511 primordiis
534 433 609 511 ipsis
632 439 768 492 contexta
786 434 847 492 sint
865 450 979 495 summa
997 431 1106 493 debere

99 538 168 581 esse
199 517 365 581 tenuitate?
413 538 510 598 neque
542 519 664 581 dubium
696 527 754 600 cst,
788 522 858 599 quin
885 519 1041 582 Lucretius
1074 520 1105 580 id

101 608 234 670 scribere
260 611 293 669 in
319 611 416 669 animo
442 608 592 688 babuerit3
619 608 672 668 sed
699 615 856 688 antequam
888 608 1046 689 scriberet,
1072 610 1105 671 in

101 704 234 760 mentem·
259 698 287 757 ei
313 699 394 758 venit
418 697 548 757 nondum
571 697 805 757 demonstratum
828 714 903 777 esse,
926 714 1014 775 quam
1036 695 1105 757 sub·

100 785 166 846 tilia
197 792 298 845 essent
328 785 490 866 primordia
521 803 636 846 rerum:
667 787 766 864 itaque
793 783 829 844 ab
857 786 992 855 instituto
1021 787 1107 863 quasi

100 873 244 934 aberrans
271 875 312 933 ita
338 876 447 955 pergit,
473 881 507 934 ut
533 873 613 934 dicat
637 889 723 934 ιιιιιιτ
741 875 844 934 tomen
865 869 901 934 id
921 889 1037 951 quoqne
1058 868 1106 935 ιιΙΙ

99 959 278 1043 conficerem
300 968 355 1022 cet
401 961 480 1041 quod
502 963 529 1022 si
553 964 619 1040 quis
641 963 673 1022 in
695 961 745 1021 his
767 969 797 1022 ct
820 960 965 1024 similibus
988 968 1105 1040 poetam

99 1049 254 1111 accusabit
275 1049 485 1130 neglegentiae,
508 1052 548 1110 ita
568 1051 596 1110 ei
614 1052 766 1130 assentiar,
788 1056 822 1110 ut
840 1050 981 1110 maiorem
1002 1049 1104 1128 culpae

100 1144 217 1218 partem
239 1139 271 1198 in
293 1138 445 1199 doctrinae
468 1145 618 1198 auctorem
640 1138 822 1198 transieram.
862 1155 930 1199 nam
951 1139 1022 1215 quin
1040 1139 1104 1216 ipse

100 1225 250 1305 Epicurus
272 1227 305 1286 in
327 1245 363 1287 eo
386 1244 444 1305 quo
467 1225 517 1287 bic
538 1245 612 1287 usus
634 1232 681 1286 est
702 1225 857 1287 Lucretius
879 1224 979 1286 libello
997 1244 1048 1288 res
1064 1227 1105 1287 ita

100 1317 257 1376 miscuerit
285 1313 517 1396 turbaveritque,
549 1331 636 1375 nemo
664 1313 820 1394 dubitabit,
850 1315 901 1393 qui
928 1315 1105 1393 meminerit,

100 1401 173 1482 quiid
205 1402 255 1462 ille
286 1405 318 1462 iu
349 1402 493 1482 epistulae
524 1402 561 1462 ad
592 1402 699 1462 Herod.
730 1402 814 1462 datae
845 1419 907 1480 par.
933 1397 976 1464 46
1005 1408 1035 1462 et
1061 1397 1103 1465 47

100 1492 215 1553 iecerit.
260 1489 326 1571 ubi,
352 1497 509 1570 postquam
532 1508 597 1551 esse
620 1489 776 1550 simulacra
799 1489 1023 1571 demonstravi&
1045 1508 1105 1553 non

100 1579 138 1640 ad
161 1579 192 1639 id
216 1580 331 1659 transit,
353 1578 431 1657 quod
454 1580 622 1658 proximum
644 1584 716 1658 erat,
735 1584 769 1639 ut
787 1577 884 1657 qualia
903 1581 962 1640 sint
984 1579 1104 1639 demon-

100 1675 191 1748 stret,
228 1667 280 1727 sed
317 1665 353 1726 ab
390 1685 423 1727 ea
459 1685 492 1727 re
528 1667 614 1745 longe
650 1673 787 1744 evagatus
823 1684 897 1726 novo
929 1666 1056 1745 capitulo
1088 1685 1104 1726 a

99 1749 157 1817 καὶ
180 1751 246 1836 μὴν
266 1749 322 1817 nod
345 1773 468 1816 exorsus
491 1755 529 1815 de
551 1762 714 1815 atomorum
737 1756 769 1815 in
786 1756 868 1814 inani
885 1762 982 1816 motus
1001 1754 1104 1816 celeri·

100 1852 165 1905 tate
190 1843 334 1923 loquitur,
362 1843 398 1904 de
426 1862 484 1922 qua
511 1850 577 1904 ante
605 1844 633 1902 ei
660 1842 818 1903 dicandum
845 1850 921 1924 erat,
949 1851 979 1903 et
1010 1861 1043 1903 ea
1071 1861 1103 1904 re

100 1931 236 1993 absoluta
258 1931 294 1991 de
319 1930 544 1992 simulacrorum
567 1938 664 1991 motus
688 1930 837 1990 celeritate
861 1931 967 1992 docere
989 1933 1103 2011 incipit,

101 2020 138 2082 ad
161 2020 192 2080 id
216 2027 421 2098 argumentum
443 2021 634 2079 inscitissime
655 2021 803 2079 transiens
825 2018 872 2078 bis
894 2019 1005 2079 verbis:
1028 2017 1104 2100 χρή-

100 2122 202 2190 σιμον
228 2104 270 2187 δὴ
291 2101 347 2169 καὶ
368 2113 468 2169 τοῦτο
489 2115 663 2187 κατασχεῖν
684 2104 725 2168 τὸ
745 2113 917 2186 στοιχεῖον.
962 2098 1025 2168 εἶθ’
1054 2103 1104 2168 ὅτι

100 2194 142 2258 τὰ
165 2193 286 2258 emoto
308 2203 379 2268 ταῖς
397 2193 590 2274 λεπτότησιν
608 2190 868 2276 ἀνυπερβλήτοις
882 2189 1103 2274 κέχρηται...

99 2285 137 2350 τΙ.
166 2285 237 2344 diss.
265 2284 355 2345 schol.
382 2301 477 2344 meam
504 2282 566 2343 llal.
595 2280 679 2345 1882
709 2282 753 2341 ed.
780 2300 808 2360 p
832 2278 861 2343 5
908 2282 958 2342 sed
986 2300 1046 2342 non
1073 2284 1105 2342 in

100 2373 231 2453 Epicuro
259 2372 344 2451 culpa
371 2374 473 2433 estin
500 2371 518 2431 Ι.
541 2370 577 2430 Vl
602 2389 646 2431 vv
669 2366 854 2451 blo-577,
877 2369 941 2430 ubi:
968 2371 1013 2432 cst
1031 2367 1106 2432 laec

123 2478 294 2541 ‚qnoque
320 2462 413 2521 ait..
428 2476 604 2520 .caoso..
620 2460 764 2539 ,venas
781 2454 888 2519 ott..
903 2455 1104 2537 .cbt‘qne...

97 2547 208 2630 fremit
228 2550 350 2610 ante..
365 2549 476 2629 .,post
500 2544 598 2608 incito
625 2562 719 2609 oum
739 2544 839 2608 cis.
854 2545 1055 2627 erumpatin
1077 2549 1106 2610 ct

123 2635 394 2700 ΗιοιιιΙιιιιιιΙ.
410 2635 508 2717 .,ubi
535 2635 588 2695 illo
613 2652 683 2698 cnm
712 2637 847 2696 instituta
875 2638 1104 2698 continuationis

100 2686 196 2787 iorma
218 2724 409 2803 abrumpitur

190 2813 249 2874 Sed
275 2812 312 2873 de
338 2812 385 2872 bis
407 2811 609 2891 neglegentiae
631 2811 783 2872 cuiusdam
809 2830 825 2872 a
848 2814 1104 2890 grammaticorum

100 2905 258 2964 severitate
285 2900 471 2963 abhorrentis
499 2900 683 2961 documentis
711 2902 782 2959 satis
810 2902 868 2959 iam
895 2902 941 2960 sit.
987 2899 1023 2960 de
1047 2918 1104 2980 qua

99 2991 286 3070 neglegentia
306 2995 455 3067 utcunque
474 3006 528 3067 pro
552 3006 604 3047 suo
624 2990 749 3066 quisque
768 2989 886 3065 iugenio
905 2987 1047 3048 iudicabit
1060 3021 1103 3032 -

99 3079 239 3160 equidem
253 3077 347 3137 fateor
364 3077 438 3137 mibi
451 3075 600 3137 nonnullis
619 3075 692 3136 locis
710 3075 757 3136 vel
770 3081 882 3154 gratam
901 3093 967 3137 esse
982 3109 1033 3157 -,
1046 3076 1103 3137 hoc

100 3167 221 3247 quidem
247 3183 334 3226 nemo
361 3164 480 3243 negabit
510 3163 629 3225 Lucreti
657 3163 786 3224 editores
813 3181 847 3223 ea
878 3166 976 3224 omnia
1002 3163 1102 3225 videre

100 3264 187 3335 atque
214 3257 247 3316 in
274 3253 456 3314 emandando
483 3255 613 3313 carmine
639 3255 704 3312 eius
726 3253 772 3311 rei
794 3253 938 3311 rationem
959 3252 1102 3313 babentes

99 3351 185 3405 caute
217 3350 247 3404 et
278 3344 490 3420 circumspecte
523 3359 609 3419 agere
637 3339 775 3400 debuisse
807 3341 839 3400 in
872 3343 1103 3402 constructionis

99 3434 179 3494 vitiis
207 3449 282 3510 quae
309 3428 483 3492 videbantur
504 3428 655 3490 tollendis:
682 3428 712 3488 id
736 3427 814 3506 quod
838 3445 889 3488 eos
913 3446 972 3489 non
995 3429 1102 3490 iecisse

99 3522 157 3582 iam
179 3520 315 3580 vidimus.
