2430 3878
269 325 406 387 Tutemet
427 344 445 386 a
466 325 552 386 nobis
574 327 633 386 iam
657 327 761 405 quovis
782 331 916 404 tempore
939 329 1039 385 vatum

224 413 396 493 terriloquis
418 415 513 474 rictus
537 412 626 474 dietis
648 413 817 474 desciscere
840 429 973 491 quaeres.

226 503 335 581 quippe
358 503 469 563 etenim
491 519 579 580 qnam
601 500 693 562 multa
715 500 771 562 tibi
793 503 852 560 iam
874 501 987 579 ringere
1009 506 1140 580 possunt

154 594 210 648 105
226 592 352 671 somnia,
376 608 449 668 quae
473 592 549 650 ritae
572 592 702 650 rationes
724 595 840 649 vertere
861 590 978 667 possint
1124 601 1191 644 ros·

156 685 209 735 100
226 678 416 756 fortunasque
440 684 505 738 tuas
529 679 626 737 omnis
647 675 768 738 turbare
791 673 910 737 timorel

227 773 258 826 et
279 767 400 826 merito:
422 783 491 826 nam
513 767 539 824 si
562 772 672 826 certam
694 765 784 826 finem
807 782 873 825 esse
895 763 1033 825 viderent

227 871 433 915 aerumnarum
455 853 603 934 homineS,
626 853 723 932 aliqua
745 854 858 914 ratione
881 851 1015 913 valerent

226 941 421 1021 religionibus
444 948 531 1020 atque
554 943 644 1001 minis
666 940 812 1002 obsistere
834 946 945 1001 ratum:

157 1037 212 1088 110
226 1048 306 1091 nunc
328 1032 402 1090 ratio
424 1029 533 1090 nullast
554 1029 699 1110 restandi,
721 1028 802 1090 nulla
823 1027 959 1110 facultas,
1124 1041 1166 1084 uo

158 1125 209 1176 105
228 1125 363 1179 aeternas
386 1120 525 1196 quoniam
547 1136 657 1197 poenas
680 1120 712 1179 in
734 1123 828 1178 morte
851 1116 1053 1179 timendumsi.

228 1208 381 1285 ignoratur
403 1208 484 1267 enim
506 1224 580 1286 quae
604 1209 643 1267 sit
665 1213 770 1267 natura
792 1207 913 1286 animai,

227 1301 295 1354 nata
319 1296 370 1375 sit,
393 1312 429 1354 an
453 1301 555 1355 contra
575 1293 766 1355 nascentibus
788 1295 969 1374 insinuetur,

229 1387 259 1442 et
282 1380 370 1442 simul
392 1383 519 1442 intereat
540 1381 695 1442 nobiscum
717 1387 812 1442 morte
836 1381 997 1462 dirempta,

157 1477 212 1529 115
228 1487 266 1530 an
287 1469 425 1530 tenebras
448 1468 518 1530 Orci
540 1471 615 1530 visat
636 1476 792 1549 vastasque
815 1468 947 1549 lacunas,
1124 1482 1165 1524 ns

160 1546 267 1619 1105'13
289 1557 418 1638 pecudes
441 1557 512 1618 alias
535 1558 675 1619 divinitus
697 1559 829 1618 insinuet
852 1575 898 1639 sc,

219 1629 342 1706 Ennius
364 1653 399 1706 ut
419 1653 522 1707 noster
543 1647 664 1727 cecinit,
687 1647 739 1724 qui
761 1647 875 1725 primns
897 1661 1022 1706 amoeno

230 1733 336 1795 detulit
358 1752 394 1794 ex
416 1734 556 1795 Helieone
578 1735 704 1813 perenni
726 1733 831 1795 fronde
853 1750 1006 1814 coronam,

228 1840 284 1902 per
306 1824 402 1901 gentis
424 1821 511 1883 Italas
529 1821 683 1883 hominum
704 1839 779 1900 quac
801 1819 880 1882 clara
902 1820 1028 1903 eluxeret3

163 1918 217 1969 120
232 1912 289 1971 etsi
311 1917 464 1989 praeterea
485 1917 584 1970 tamen
607 1928 673 1970 esse
694 1909 855 1971 Acherusia
877 1907 987 1988 templa
1124 1923 1165 1965 no

161 2005 211 2054 115
229 1997 343 2059 Ennius
367 2000 496 2058 aeternis
519 2000 640 2077 exponit
661 1997 796 2059 versibus
820 1997 925 2078 edens,

230 2104 288 2165 quo
313 2104 410 2164 neque
432 2088 605 2165 perveniant
626 2088 740 2146 animae
763 2103 860 2164 neque
883 2103 1008 2165 corpora
1029 2091 1143 2167 nostra,

231 2173 282 2234 sed
307 2174 449 2253 quaedam
471 2173 627 2235 simulacra
649 2173 747 2234 modis
768 2173 907 2253 pallentia
929 2174 1028 2255 miris3

229 2262 308 2323 unde
332 2261 390 2323 sihi
412 2269 547 2324 exortam
568 2280 685 2342 semper
708 2261 842 2323 florentis
864 2261 987 2323 Homeri

159 2355 216 2408 125
232 2359 441 2412 commemorat
464 2352 593 2430 speciem
615 2349 751 2411 lacrimas
774 2349 926 2411 effundere
950 2348 1042 2411 salsas
1125 2361 1165 2404 12⁶

161 2445 212 2495 120
231 2441 364 2517 coepisse
388 2445 417 2499 et
440 2456 540 2498 rerum
563 2446 698 2500 naturam
720 2437 887 2517 expandere
910 2438 1008 2499 dictis

231 2544 288 2604 qua
310 2532 432 2604 propter
453 2525 529 2587 hene
552 2544 620 2587 eum
643 2527 759 2604 superis
782 2525 819 2587 de
842 2525 932 2586 rebus
954 2525 1092 2588 habenda

230 2613 317 2673 nobis
340 2619 386 2673 est
409 2615 498 2694 ratio,
522 2612 592 2674 solis
615 2613 760 2692 lunaeque
783 2620 898 2675 meatus

231 2719 289 2780 qua
311 2701 383 2761 siant
404 2703 532 2782 ratione,
554 2709 584 2762 et
607 2720 663 2780 qna
685 2703 715 2761 ri
738 2720 871 2781 quaeque
893 2708 1036 2780 gerantur

160 2795 215 2847 130
230 2791 262 2850 iu
284 2791 387 2870 terris,
410 2796 474 2850 tum
497 2791 690 2869 cumprimis
713 2791 829 2850 ratione
850 2792 948 2868 sagaci
1073 2820 1076 2827 ·
1126 2803 1166 2844 1⁸⁰

161 2883 212 2932 125
228 2877 307 2939 unde
330 2879 426 2938 anima
449 2886 536 2957 atque
560 2880 651 2939 animi
672 2884 789 2939 constet
810 2885 915 2939 natura
937 2877 1110 2959 ridendum,

231 2973 262 3026 et
284 2984 358 3045 quae
381 2984 430 3026 res
453 2967 538 3027 nobis
561 2965 751 3046 vigilantibus
773 2964 859 3027 obvia
880 2972 997 3028 mentes

230 3055 374 3115 terrificet
395 3054 499 3114 morbo
523 3055 658 3135 adiectis,
681 3072 845 3134 somnoque
868 3053 1006 3136 sepultis,

232 3159 355 3202 eernere
378 3145 422 3203 uti
444 3141 596 3202 videamur
618 3160 669 3203 eos
693 3142 855 3223 audireque
878 3160 992 3224 coram,

160 3233 215 3286 135
230 3237 325 3290 morte
349 3230 427 3290 obita
451 3248 578 3310 quorum
599 3229 688 3291 tellus
711 3231 899 3311 amplectitur
920 3248 996 3293 ossa.

162 3326 214 3376 130
275 3312 284 3400 ll
298 3316 360 3377 Nec
381 3336 429 3378 me
452 3320 544 3379 animi
565 3317 641 3379 fallit
663 3317 820 3380 Graiorum
842 3318 969 3381 obscura
992 3325 1110 3400 reperta

232 3404 351 3466 difficile
375 3405 533 3468 inlustrare
556 3404 668 3467 Latinis
691 3406 826 3469 versibus
850 3425 930 3489 esse,

225 3493 321 3556 multa
343 3495 429 3556 novis
453 3494 552 3558 verbis
574 3498 752 3576 praesertim
773 3513 841 3557 cum
860 3498 901 3558 sit
923 3495 1069 3575 agendam
