2430 3862
166 187 218 245 XX
530 185 812 241 PROLEGOMENA.

167 343 213 397 est
245 335 321 414 apud
354 332 480 394 Graecos
511 332 716 412 Romanosque
747 341 835 412 atque
867 335 943 413 apud
974 352 1043 396 nos:
1075 336 1168 416 possis

168 425 248 484 enim
270 429 399 483 vertere:
424 439 456 482 es
479 421 577 499 lolgen
600 421 647 482 die
670 421 766 482 bilder
788 423 842 482 dor
864 423 961 504 dinge,
982 455 1028 467 -
1049 443 1111 485 was
1131 427 1170 486 im

167 511 257 573 licbte
280 510 401 590 gelegen
420 512 466 569 ist.
508 512 560 588 qui
578 511 695 587 generis
713 512 848 571 neutrius
864 519 933 590 post
950 513 1169 574 antecedentem

168 617 270 660 vocem
286 615 335 660 ras
349 601 381 657 in
394 600 545 658 enuntiato
560 597 680 657 relativo
695 617 767 658 usus
785 598 835 679 ibi,
853 597 905 659 ubi
918 617 1015 679 neque
1028 600 1170 681 ambigui-

168 694 259 748 tatem
285 686 373 746 babet
400 704 495 764 neque
524 688 795 767 inconcinnitatem,
822 690 940 747 omnino
968 690 1093 750 vitiosus
1113 707 1171 751 non

169 783 224 856 est,
245 782 279 835 ut
300 770 963 852 inillov.111184sq.quamr08..ttllo‚
985 773 1172 840 6616666163

168 881 297 943 qeorwm
315 910 322 923 .
338 910 344 923 .
359 909 366 924 .
384 864 502 924 661666
519 860 646 924 ridebo.
683 862 738 922 alia
756 865 817 923 sive
835 862 956 924 libertas
975 867 1037 925 sire
1055 864 1171 927 licentia

169 971 186 1013 a
219 970 331 1030 gramm
349 953 476 1011 ticorum
508 953 662 1010 severitate
693 950 836 1012 recedens
868 959 915 1012 est
945 955 977 1012 in
1002 952 1171 1036 collectivis,

169 1040 249 1100 velut
265 1039 288 1098 7Ι
360 1037 379 1101 6
404 1058 459 1119 sq,
486 1037 539 1099 ubi
565 1038 689 1116 legimus
715 1036 862 1101 arberto.
878 1087 899 1120 .,
925 1037 1007 1119 quod
1032 1039 1071 1103 irc
1096 1044 1172 1105 16166

170 1128 232 1189 scil.
264 1124 400 1207 arbores,
432 1145 468 1187 ex
501 1127 548 1187 his
580 1129 658 1186 enim
691 1126 811 1188 arbusta
843 1135 985 1189 constant.
1039 1134 1172 1209 proxima

170 1217 240 1277 buic
258 1218 360 1295 generi
378 1222 455 1295 sunt,
474 1215 569 1294 qualia
588 1223 747 1276 occurrunt
765 1212 1055 1296 l.llv.1749enua
1066 1216 1172 1282 16666·

170 1321 254 1365 uana.
299 1320 428 1382 quorem
450 1320 546 1364 causo
568 1310 598 1363 et
619 1302 643 1360 V
665 1300 730 1365 975
753 1322 815 1383 sqq.
838 1301 985 1366 mortalia
1004 1303 1171 1369 aceolo...

170 1409 252 1453 6666
283 1390 409 1470 quisque
439 1409 555 1472 666666,
592 1391 688 1470 qualia
719 1399 886 1455 tamenne
917 1395 1022 1472 optimi
1054 1396 1171 1474 quidem

173 1499 279 1541 aureae
299 1482 402 1540 aetatis
421 1483 581 1558 scriptores
599 1482 703 1540 vitiosa
723 1499 788 1541 esse
806 1488 955 1559 putarunt.
996 1482 1076 1561 quod
1095 1485 1171 1545 idem

171 1569 317 1629 contendo
344 1568 381 1628 de
408 1585 443 1628 eo
471 1568 548 1647 quod
576 1575 622 1628 est
647 1564 771 1629 1V915
796 1566 891 1630 aeriis
913 1567 1021 1632 66663.
1037 1617 1045 1631 .
1060 1618 1077 1653 .,
1099 1568 1171 1652 eim,

171 1660 203 1718 in
231 1675 289 1735 quo
311 1656 515 1717 Lachmannus
543 1656 676 1735 offendit,
704 1659 788 1735 quasi
815 1676 874 1717 non
896 1657 1004 1718 Caesar
1028 1659 1066 1720 de
1089 1658 1118 1721 b.
1141 1658 1171 1721 G.

171 1742 246 1806 140
264 1747 419 1824 scripserit
435 1740 540 1806 sactu
556 1741 694 1820 tumultu,
717 1760 803 1823 quor
820 1747 922 1807 tameat
940 1753 970 1806 et
987 1765 1048 1807 non
1065 1750 1170 1830 minus

173 1837 199 1894 si
230 1834 277 1893 dis
307 1832 404 1912 placet
435 1840 465 1893 et
496 1835 707 1913 grammaticis,
740 1833 854 1894 soeloce
882 1833 1044 1896 Schillorus
1073 1844 1183 1917 nostor,

173 1925 231 1982 ein
264 1921 483 1981 streitendes
515 1920 796 2003 gestaltenbeer,
828 1922 885 1983 dio
918 1925 1020 1983 seinen
1052 1927 1171 1986 sinniu

173 2008 409 2070 sklavenbanden
435 2008 554 2069 hielten.
600 2008 636 2069 cl.
663 2011 752 2069 etiam
782 2029 856 2089 quae
883 2010 959 2070 inira
985 2011 1021 2070 ad
1049 2008 1171 2076 1v165

173 2105 203 2158 61
226 2095 289 2161 182
313 2096 448 2157 scribam.

260 2185 362 2264 Neque
380 2193 478 2246 tamen
496 2187 540 2246 eis
554 2184 775 2246 assentiendum
788 2193 846 2267 est,
861 2189 911 2265 qui
925 2186 1039 2248 nullum
1053 2191 1170 2249 omnino

174 2275 380 2334 soloecismum
403 2293 419 2333 a
437 2272 574 2334 Lucretio
598 2274 659 2351 lugi
677 2276 734 2333 rati
752 2273 843 2334 scribi
861 2274 1002 2335 iubebant
1018 2274 1032 2335 1
1051 2273 1116 2339 189
1130 2292 1170 2355 sq

173 2360 279 2424 omnia
376 2364 613 2442 carentesque,
648 2363 661 2422 l
688 2359 752 2423 443
781 2381 824 2440 sq.
852 2365 907 2423 ortt
933 2359 983 2423 bic
1012 2361 1172 2427 mimate

173 2447 292 2511 matos
303 2446 393 2511 rebus
407 2496 413 2509 .
425 2497 448 2509 ..
463 2451 520 2510 out
530 2446 646 2512 borum
659 2451 764 2510 acereta
778 2444 824 2532 (in
837 2448 937 2511 Leidd.
953 2457 998 2511 est
1011 2448 1171 2514 memor

172 2535 295 2600 duobus
318 2584 324 2597 .
344 2584 351 2597 .
371 2583 377 2596 .
399 2535 489 2598 rebus
512 2535 721 2618 ...166666
753 2545 786 2599 ut
812 2545 963 2620 appareat,
991 2547 1100 2617 quanta
1127 2540 1172 2601 bic

174 2626 309 2686 codicum
345 2628 503 2685 auctoritas
540 2643 604 2685 esse
642 2619 774 2708 debeat),
811 2625 847 2685 lV
883 2624 925 2689 66
958 2645 1021 2706 sqq.
1058 2623 1174 2690 tetrico

172 2730 296 2793 saperes
310 2760 316 2774 .
331 2760 338 2775 .
354 2733 375 2774 .:
406 2709 550 2795 illorum,
583 2715 654 2792 quin
687 2716 775 2774 etiam
807 2713 843 2773 lv
870 2712 934 2776 266
965 2711 1002 2776 t'n
1032 2733 1104 2777 eum
1135 2734 1172 2777 ao

173 2799 328 2884 speeulem
358 2802 431 2861 terri
462 2820 548 2881 posse
580 2809 732 2881 putarunt:
765 2820 839 2881 quos
870 2805 916 2862 rei
942 2805 1089 2865 rationem
1116 2820 1174 2865 non

173 2893 361 2970 perspexisse
380 2890 606 2950 existimandum
626 2898 679 2951 est.
711 2908 861 2969 nunquam
874 2892 954 2951 enim
968 2890 1174 2954 soloecismum

174 2979 303 3039 admittit
328 2977 497 3058 Lucretius,
528 2981 587 3039 nisi
618 2981 658 3039 ita
690 2980 716 3038 si
749 2996 835 3058 66666
864 2981 896 3038 16
922 2997 1010 3040 versu
1039 2978 1174 3060 fingendo

174 3067 411 3128 commoditatem
442 3066 511 3126 inde
543 3065 653 3126 lucrari
683 3067 813 3127 videtur:
847 3066 928 3128 volut
961 3067 1083 3130 difficile
1114 3074 1175 3130 erat

174 3155 187 3215 l
215 3152 256 3217 51
294 3173 382 3214 versu
417 3154 516 3215 dicere
553 3147 630 3238 (res)
662 3153 788 3217 eosdem
816 3156 996 3234 peremptae
1027 3155 1175 3219 resolvere

174 3250 317 3304 naturam.
358 3261 432 3321 quae
457 3245 554 3303 omnia
576 3261 636 3302 non
659 3246 699 3303 ita
721 3244 850 3324 disputo,
872 3251 906 3304 ut
928 3243 965 3305 de
983 3243 1079 3327 laude,
1103 3261 1176 3326 quae

175 3331 213 3391 ob
233 3333 378 3392 sermonis
399 3333 564 3391 castitatem
581 3329 718 3392 Lucretio
740 3332 890 3413 tribuitur,
908 3332 1064 3395 detrahere
1081 3333 1176 3415 velim,

174 3422 234 3481 nisi
256 3421 332 3480 forte
351 3437 470 3499 parvam
489 3419 615 3498 aliquam
633 3427 755 3501 partem,
779 3421 831 3480 sed
849 3427 883 3482 ut
903 3421 1033 3504 doceam,
1055 3429 1177 3503 quanto·

161 3526 242 3587 pere
270 3526 376 3570 cavere
405 3507 578 3592 debeamus,
605 3525 642 3569 ne
670 3516 802 3570 correcta
829 3509 966 3592 velimus,
993 3512 1021 3571 si
1048 3530 1124 3592 quae
1145 3513 1178 3572 iu
