2430 3878
601 147 629 203 11
1069 149 1110 213 ot

98 312 159 363 680
180 295 296 357 reddita
319 302 388 356 sunt
410 313 477 356 cum
501 294 590 356 odoro
613 297 644 355 in
666 298 784 377 primis,
806 295 949 376 pluraque
973 297 1048 357 dona
1074 311 1111 350 aar

179 473 253 534 haec
275 474 366 550 igitur
388 475 478 533 variis
501 471 609 532 debent
632 481 766 533 constare
791 473 906 551 figuris:

179 561 267 622 nidor
290 563 368 621 euim
391 568 527 639 penetrat
548 579 606 640 qua
628 561 713 621 sucus
736 579 796 621 non
818 563 896 621 itin
919 569 1012 641 artus,

81 727 86 734 ἡ
180 650 267 711 incus
289 651 361 710 item
384 667 514 729 sorsum,
538 667 655 709 sorsum
677 667 765 728 sapor
786 651 953 710 insinuatur

106 754 167 806 685
181 737 332 818 sensibus3
355 744 388 798 nt
410 755 514 798 noscas
537 739 641 816 primis
665 737 783 797 differre
807 739 917 817 liguris,
948 796 950 799 .
1074 751 1113 791 68⁵

107 842 163 894 oso
181 825 341 887 dissimiles
364 828 455 903 igitur
477 826 587 885 formae
611 825 808 904 glomeramen
831 829 863 886 in
886 845 976 886 unum

181 917 372 994 conveniunt,
396 921 426 974 et
448 932 496 973 res
518 915 664 993 permixto
688 917 800 974 semine
824 921 966 975 constant.

181 1005 253 1082 quin
276 1005 364 1063 etiarn
386 1004 496 1080 passim
519 1004 629 1063 nostris
651 1004 683 1062 in
705 1003 840 1062 versibus
864 1005 937 1081 ipsis

180 1091 272 1152 muita
296 1090 440 1151 elementa
462 1089 544 1150 vides
567 1089 668 1150 multis
691 1093 857 1151 communia
878 1091 990 1171 verbis,

108 1196 167 1248 690
181 1198 249 1242 cum
270 1187 370 1240 tamen
392 1181 471 1239 inter
494 1197 525 1238 se
549 1196 652 1238 versus
675 1196 709 1238 ac
731 1178 820 1239 verba
842 1187 992 1240 necessest
1075 1192 1115 1232 6⁹⁰

108 1285 163 1334 ooo
182 1269 340 1330 confiteare
363 1266 419 1327 alia
442 1285 478 1327 ex
501 1265 567 1327 aliis
590 1273 725 1327 constare
749 1267 915 1348 elementis3

181 1375 241 1417 non
264 1375 322 1435 quo
345 1355 437 1415 multa
458 1373 563 1434 parum
586 1357 750 1415 communis
773 1355 870 1416 littera
893 1363 991 1416 currat

182 1452 233 1506 aut
254 1443 334 1504 nulla
357 1447 435 1503 iuter
458 1461 490 1503 se
514 1442 571 1503 duo
595 1445 656 1503 sint
678 1462 715 1504 ex
738 1443 874 1504 omnibus
896 1443 1003 1524 isdem,

183 1533 235 1594 sed
258 1535 327 1611 quia
350 1550 410 1592 non
433 1530 516 1609 volgo
539 1534 621 1610 paria
645 1531 781 1592 omnibus
805 1534 903 1593 omnia
925 1540 1067 1593 constant.

109 1637 167 1691 695
181 1624 224 1682 sic
247 1621 312 1681 aliis
335 1623 366 1680 in
389 1618 478 1680 rebus
501 1621 573 1679 item
596 1623 762 1681 communia
784 1620 875 1682 multa
1074 1633 1112 1675 cea

109 1727 162 1779 695
182 1709 341 1771 multarum
364 1725 465 1768 rerum
488 1726 556 1767 cum
578 1711 639 1769 sint
657 1709 830 1790 primordia,
854 1728 955 1770 eorum

183 1797 320 1859 dissimili
342 1804 441 1856 tamen
464 1799 541 1856 inter
558 1814 596 1856 ⁴se
620 1800 781 1858 consistere
806 1815 918 1858 summa

181 1893 319 1966 possunt3
343 1891 377 1946 ut
397 1886 504 1944 merito
528 1902 564 1944 ex
587 1884 652 1944 aliis
676 1893 809 1946 constare
833 1887 944 1946 seratur

181 1976 342 2035 humanum
365 1990 458 2051 genus
481 1979 512 2032 et
533 1972 633 2051 fruges
656 1972 832 2052 arbustaque
855 1974 937 2034 laeta.

109 2081 167 2132 700
224 2061 286 2123 Nec
307 2069 407 2122 tamen
430 2061 606 2120 omnimodis
630 2064 744 2122 conecti
765 2080 852 2141 posse
871 2061 1062 2140 putandumst
1075 2076 1113 2116 τοο

111 2169 164 2219 ‘100
184 2153 294 2212 omnia:
317 2168 386 2210 nam
408 2148 491 2227 volgo
515 2149 582 2208 fieri
603 2157 738 2228 portenta
762 2150 889 2230 videres,

183 2240 336 2301 semiferas
358 2238 511 2298 hominum
534 2240 648 2316 species
672 2240 811 2317 existere,
834 2244 864 2297 et
886 2236 959 2298 altos

182 2328 333 2388 interdum
354 2344 452 2387 ramos
476 2327 574 2405 egigni
597 2343 718 2404 corpore
741 2328 819 2405 vivo,

183 2415 332 2494 multaque
356 2417 471 2476 conecti
492 2415 646 2474 terrestria
668 2413 800 2473 membra
821 2415 956 2495 marinis,

110 2519 167 2572 705
182 2511 248 2565 tum
268 2502 415 2563 flammam
439 2510 531 2563 taetro
555 2503 693 2581 spirantis
718 2520 768 2562 ore
792 2501 959 2562 Chimaeras
1075 2515 1113 2556 ros

112 2607 305 2674 conpascere
327 2598 462 2652 naturam
484 2609 538 2670 per
560 2597 655 2651 terras
679 2592 897 2669 omniparentis.

185 2698 312 2760 quorum
333 2679 375 2739 nii
398 2680 464 2739 fieri
485 2679 714 2760 manifestumst,
738 2682 834 2739 omnia
857 2680 972 2758 quando

184 2767 346 2830 seminibus
370 2770 459 2828 certis
483 2774 563 2828 certa
585 2769 734 2846 genetrice
758 2774 854 2828 creata

184 2874 358 2918 conservare
382 2874 474 2934 genus
498 2858 661 2916 crescentia
682 2873 769 2934 posse
792 2855 933 2915 videmus.

112 2962 167 3013 710
184 2945 310 3024 scilicet,
333 2943 363 3004 id
387 2951 467 3005 certa
489 2944 555 3004 fieri
577 2947 689 3004 ratione
713 2949 873 3004 necessust.
1075 2957 1113 2997 no

112 3052 166 3103 710
184 3052 252 3094 nam
275 3050 328 3094 sua
352 3035 458 3111 cuique
482 3032 555 3092 cibis
578 3050 615 3092 ex
637 3031 773 3092 omnibns
796 3034 876 3091 intus
899 3033 930 3090 in
954 3038 1033 3092 artus

184 3139 308 3201 corpora
330 3119 487 3181 discedunt
509 3138 676 3199 conexaque
701 3121 902 3180 convenientis

184 3211 317 3271 efficiunt
338 3216 449 3269 motus:
472 3214 502 3269 at
524 3217 625 3269 contra
648 3208 741 3269 aliena
764 3208 896 3268 videmus

184 3301 297 3360 reicere
320 3300 351 3358 iu
373 3305 468 3358 terras
490 3304 637 3377 naturam3
660 3295 808 3375 multaque
832 3298 926 3357 caecis

112 3404 169 3455 715
182 3385 355 3466 corporibus
379 3387 495 3464 fugiunt
518 3404 534 3445 e
557 3403 692 3466 corpore,
714 3387 826 3464 percita
847 3384 954 3464 plagis,
1075 3397 1112 3438 ⁷1⁵

113 3492 260 3558 nequae
283 3494 379 3554 neque
403 3477 519 3536 conecti
542 3491 688 3552 quoquam
710 3481 833 3552 potuere
855 3492 951 3552 neque
975 3473 1042 3533 inde

883 3573 917 3626 δι’*
