2430 3878
97 181 139 246 76
579 180 619 235 ῙΠ

167 347 261 407 usque
285 329 357 389 adeo
379 330 462 407 prius
486 334 532 389 est
553 330 584 388 in
607 327 693 388 nobis
716 328 806 388 multa
830 327 971 388 ciendum

168 418 282 477 semina
305 416 478 495 corporibus
502 418 611 477 nostris
634 419 665 476 in
687 418 779 477 mixta
801 434 855 496 per
877 423 975 497 artus,

168 523 254 583 quam
277 504 438 583 primordia
462 507 624 565 sentiscant
646 522 789 565 concussa
812 506 919 564 animai
1071 517 1111 558 ror

168 600 198 653 ct
221 610 308 672 quam
331 595 364 652 in
385 592 432 653 his
456 591 618 652 intervallis
640 592 796 653 tuditantia
818 594 936 671 possint

97 695 149 747 395
169 699 345 741 concursare
368 682 448 741 coire
472 686 501 740 et
524 679 681 741 dissultare
703 682 842 741 vicissim.

211 768 249 829 Et
271 770 364 846 magis
387 774 433 828 est
455 770 570 828 animus
592 770 663 829 vitai
686 768 813 830 claustra
835 773 978 829 coercens

167 863 198 918 et
221 857 419 917 dominantior
441 856 477 917 ad
500 858 589 916 ritam
613 875 700 935 quam
723 859 767 917 vis
789 858 906 917 animai.

168 963 236 1005 nam
260 946 324 1005 sine
347 952 446 1004 mente
470 946 624 1023 animoque
647 947 751 1023 nequit
772 944 904 1005 residere
926 951 1093 1023 peractus

169 1035 312 1112 temporis
335 1034 469 1111 exiguam
492 1041 605 1110 partem
628 1050 696 1111 pars
719 1032 779 1093 ulla
801 1034 922 1113 animai,

98 1136 151 1188 400
170 1121 222 1182 sed
246 1139 344 1181 comes
367 1122 534 1199 insequitur
556 1119 640 1181 facile
664 1128 694 1180 et
716 1121 842 1182 discedit
863 1123 895 1181 in
917 1138 1007 1181 auras

168 1216 199 1270 et
221 1209 333 1288 gelidos
356 1217 437 1269 artus
460 1211 492 1268 in
515 1208 567 1268 leti
590 1208 699 1286 frigore
721 1209 836 1288 linquit.

169 1304 199 1358 at
221 1304 319 1357 manet
341 1299 372 1356 in
395 1299 453 1357 vita
476 1298 525 1357 cui
548 1314 632 1356 mens
655 1299 829 1376 animusque
852 1298 1005 1358 remansit

170 1388 303 1464 quamvis
326 1392 372 1444 est
394 1387 507 1445 circum
529 1387 623 1445 caesis
646 1384 726 1446 lacer
748 1385 878 1464 undiquc
901 1384 1065 1466 membriS,

169 1480 302 1553 truncus
324 1472 459 1551 adempta
483 1474 594 1533 animae
617 1474 646 1532 ri
669 1491 736 1534 cum
759 1472 960 1552 membrisque
984 1481 1111 1555 remota,

99 1563 241 1628 convivit
263 1567 294 1620 et
315 1560 460 1620 aetherias
482 1561 579 1620 vitalis
602 1563 726 1641 suscipit
749 1579 847 1622 auras:

170 1651 278 1709 sinon
301 1647 490 1728 omnimodiS‚
514 1655 543 1708 at
565 1666 669 1727 magna
690 1658 774 1728 parte
798 1650 906 1710 animai

170 1739 315 1816 privatuS,
337 1743 436 1795 tamen
459 1738 490 1795 in
513 1738 572 1796 rita
595 1744 749 1798 cunctatur
772 1744 802 1798 et
823 1737 938 1817 baeret3

170 1833 216 1905 ut,
238 1824 365 1884 lacerato
389 1823 472 1883 oculo
496 1827 607 1884 circum
631 1828 658 1885 si
679 1826 789 1904 pupula
810 1827 920 1886 mansit

169 1913 338 1992 incolumiS‚
362 1919 419 1972 stat
441 1912 585 1972 cernundi
609 1914 701 1973 vivata
724 1920 867 1995 potestas,

51 2034 53 2037 ·
99 2018 152 2067 410
171 2001 242 2061 dum
262 2000 350 2060 modo
373 2018 410 2060 ne
433 2007 528 2061 totum
551 2018 722 2080 corrumpas
745 2001 865 2062 luminis
888 2001 992 2062 orbem

170 2096 201 2150 et
222 2091 336 2150 circum
358 2088 462 2149 caedas
486 2091 578 2149 aciem
603 2088 752 2169 solamque
775 2090 937 2169 relinquas:

169 2171 179 2261 ll
192 2178 222 2238 id
246 2195 362 2256 quoque
386 2179 465 2237 enim
489 2178 552 2237 sine
575 2179 707 2255 pernicie
730 2195 790 2237 non
812 2178 863 2238 siet
885 2175 1029 2258 eorumll

171 2273 200 2327 at
223 2268 250 2326 si
270 2265 382 2326 tantula
404 2284 473 2344 pars
496 2264 574 2326 oculi
596 2265 692 2325 media
715 2265 764 2325 illa
785 2272 932 2347 peresast,

171 2354 278 2415 occidit
301 2353 446 2433 extemplo
469 2353 569 2414 lumen
591 2353 789 2432 tenebraeque
813 2360 962 2415 secuntur.

99 2458 152 2508 415
170 2441 325 2503 incolumis
350 2443 481 2521 quamvis
505 2441 613 2520 alioqui
636 2441 807 2520 splendidus
831 2441 920 2503 orbis.

169 2531 226 2590 hoc
252 2533 350 2589 anima
376 2537 463 2608 atque
490 2532 605 2590 animus
630 2532 721 2590 vincti
744 2537 813 2591 sunt
835 2530 954 2590 foedere
978 2548 1106 2610 semper.

213 2616 299 2677 Nunc
321 2634 387 2697 age,
409 2620 524 2678 nativos
547 2617 745 2679 animantibus
768 2626 798 2679 et
819 2617 952 2679 mortalis

171 2723 237 2766 esso
260 2707 373 2766 animos
396 2707 566 2784 animasque
589 2705 661 2766 leris
684 2713 718 2766 ut
738 2724 862 2767 noscere
884 2708 996 2787 possis,

170 2796 334 2873 conquisita
357 2793 409 2854 diu
431 2793 569 2873 dulcique
591 2801 709 2874 reperta
731 2794 831 2855 labore

99 2899 151 2949 420
171 2884 258 2962 digna
281 2890 330 2943 tua
351 2901 472 2961 pergam
496 2882 652 2962 disponere
676 2885 805 2943 carmina
829 2901 907 2943 cura.

170 2978 202 3031 tn
226 2971 271 3032 fac
293 2979 450 3049 utrumque
473 2990 532 3031 uno
556 2970 610 3031 sub
634 2973 738 3049 iungas
761 2973 880 3031 nomine
903 2988 1007 3032 corum

171 3067 258 3138 atque
281 3061 408 3120 animam
431 3058 514 3118 verbi
537 3077 623 3119 causa
646 3077 713 3119 cum
737 3059 835 3119 dicere
858 3077 993 3140 pergam,

170 3147 323 3208 mortalem
346 3166 412 3208 esse
435 3146 553 3227 docens,
576 3149 706 3207 animum
729 3165 844 3226 quoque
869 3146 967 3209 dicere
991 3147 1108 3230 credaS,

171 3242 315 3315 quatenns
338 3243 384 3296 est
407 3254 499 3296 unnm
521 3236 599 3294 inter
622 3253 654 3295 se
678 3238 891 3314 coniunctaque
915 3254 965 3297 res
988 3243 1042 3296 est.

100 3341 151 3390 425
213 3323 361 3403 Principio
386 3327 523 3402 quoniam
546 3330 666 3383 tenuem
688 3331 822 3383 constare
846 3325 969 3384 minutis

170 3411 343 3491 corporibus
367 3413 455 3473 docui
476 3411 626 3490 multoque
649 3410 815 3472 minoribus
838 3429 904 3473 esse

156 3502 322 3582 principiis
345 3500 453 3564 factam
476 3517 566 3582 quam
586 3499 718 3579 liquidus
739 3518 824 3558 umor
848 3502 934 3578 aquai
