2430 3878
553 201 580 254 11

129 355 160 408 et
183 366 241 427 quo
264 349 356 407 mixta
378 354 465 427 putes
486 349 580 425 magis
603 365 707 426 aspera
730 346 844 408 levibus
868 365 933 408 0000

129 437 300 517 principiiS,
322 436 431 496 uudest
454 435 584 515 Neptuni
606 453 714 514 corpus
737 434 890 516 acerbum,

46 531 110 582 465
132 531 179 586 est
200 526 275 584 ratio
300 523 474 585 secernendi
497 542 689 603 seorsumque
712 523 846 605 videndi,
1027 537 1067 576 40

48 618 113 671 475
129 631 217 674 umor
239 612 347 693 dulciS,
369 612 421 673 ubi
443 630 498 692 per
519 619 614 672 terras
637 611 772 673 crebrius
794 612 874 672 idem
1027 625 1069 665 474

131 700 312 781 percolatur,
336 702 422 761 utin
444 701 557 761 loveam
581 701 652 761 fluat
674 719 708 760 ac
730 706 930 781 mansuescat3
1027 712 1068 753 470

53 797 115 848 474
131 789 240 868 linquit
261 791 340 850 euim
363 806 470 868 supera
492 791 580 850 taetri
602 788 764 868 primordia
786 791 856 870 viri,
1028 802 1068 841 476

56 887 116 936 479
133 896 237 958 aspera
260 894 349 957 quom
371 879 465 955 magis
487 879 519 937 in
542 879 631 937 terris
652 876 827 938 haerescere
850 878 973 955 possint
1027 891 1068 930 40

56 975 115 1023 470
134 968 232 1027 omnia
254 973 404 1045 postremo
427 984 502 1044 quae
525 972 634 1044 puncto
657 971 790 1043 tempore
813 967 912 1025 cernis
1029 979 1068 1018 400

134 1055 290 1135 diffugere,
313 1061 347 1115 ut
368 1054 481 1114 lumum
504 1053 627 1113 nebulas
649 1052 853 1133 flammasque,
875 1060 1039 1134 necessest,

133 1145 281 1204 siminus
304 1144 402 1202 omnia
425 1148 495 1202 sunt
518 1160 534 1202 0
557 1139 670 1201 levibus
694 1146 781 1219 atque
804 1141 955 1223 rutundis,

134 1238 165 1292 at
186 1250 245 1291 non
269 1249 334 1291 0000
356 1238 455 1290 tamen
478 1229 628 1309 perplexis
650 1228 835 1310 indupedita,

59 1329 119 1380 460
131 1337 265 1399 pungere
288 1321 333 1379 uti
355 1321 471 1398 possint
494 1336 601 1397 corpus
624 1324 839 1396 penetrareque
863 1335 945 1398 saxa,
1029 1329 1069 1368 46⁰

59 1416 116 1466 475
133 1427 190 1469 nec
211 1415 311 1469 tamen
329 1407 452 1467 haerere
475 1408 554 1467 inter
577 1424 608 1466 se
632 1405 710 1485 quod
734 1423 860 1484 cumque
883 1405 1016 1466 videmus

559 1513 577 1552 4

135 1583 273 1645 sensibus
296 1602 362 1644 esse
386 1583 500 1664 datum,
521 1582 606 1643 facile
629 1588 664 1642 ut
685 1600 864 1659 cognoscere
887 1584 985 1660 possis

134 1691 195 1734 non
217 1690 234 1733 0
256 1671 406 1752 perplexis
430 1671 482 1732 sed
505 1673 599 1731 acutis
622 1688 688 1730 esse
712 1670 875 1731 elementis.
1029 1685 1070 1724 400

560 1780 577 1815 *

179 1848 263 1920 Quod
283 1850 421 1927 quoniam
440 1848 536 1928 docui,
553 1864 673 1927 pergam
695 1854 850 1907 conectere
864 1865 928 1907 rem
942 1865 1016 1926 quae
1030 1861 1069 1900 4⁷8

135 1956 172 1998 ex
195 1938 251 1997 boc
274 1943 340 2016 apta
363 1936 451 1997 fidem
474 1935 574 2016 ducat,
596 1934 757 2014 primordia
780 1953 881 1995 rerum

62 2035 117 2084 480
136 2027 220 2086 finita
242 2027 355 2085 variare
379 2025 540 2103 figurarum
562 2025 684 2083 ratione.

136 2113 214 2192 quod
237 2115 264 2173 si
285 2128 346 2173 non
368 2115 409 2173 ita
433 2115 484 2192 sit,
506 2129 626 2172 rursum
648 2113 706 2171 iam
730 2113 842 2171 semina
865 2110 1007 2189 quaedam

137 2220 203 2262 0000
225 2202 341 2262 infinito
364 2199 515 2261 debebunt
536 2201 670 2278 corporis
693 2205 789 2259 auctu.

136 2307 262 2369 namque
284 2290 316 2348 in
338 2289 441 2350 eadem
463 2307 522 2349 uua
545 2288 675 2348 cuiusvis
697 2289 755 2346 iam
777 2285 921 2347 brevitate

137 2380 271 2457 corporis
292 2379 371 2438 iuter
394 2396 426 2438 00
448 2376 574 2437 multum
595 2377 708 2435 variare
730 2376 842 2454 figurae

62 2475 117 2525 485
136 2484 197 2527 non
219 2473 351 2545 possunt.
388 2467 434 2527 lac
456 2467 536 2527 enim
558 2465 690 2524 minimis
712 2481 729 2523 e
752 2463 886 2542 partibus
909 2480 975 2523 esse

136 2572 259 2633 corpora
282 2557 378 2634 prima
400 2554 509 2635 tribus,
531 2552 578 2613 vel
599 2550 687 2632 paulo
709 2550 845 2630 pluribus
869 2569 955 2630 auge:

136 2661 244 2722 nempe
265 2643 319 2703 ubi
341 2661 391 2704 eas
413 2644 505 2721 partis
527 2643 615 2702 unius
638 2642 771 2719 corporis
794 2642 903 2720 omnis,

137 2749 251 2792 summa
274 2738 360 2810 atque
383 2732 442 2790 ima
464 2729 577 2810 locans,
600 2735 800 2789 transmutans
823 2728 944 2788 dextera
966 2725 1071 2808 laevis,

137 2819 313 2881 omnimodis
337 2825 476 2897 expertus
499 2821 573 2899 eris,
596 2835 683 2897 quam
706 2819 831 2895 quisque
855 2816 905 2876 det
927 2815 999 2875 ordo

62 2919 118 2970 490
136 2910 243 2970 formai
266 2909 395 2987 speciem
417 2909 509 2967 totius
532 2907 666 2984 corporis
689 2907 767 2986 eius,

136 2997 215 3077 quod
239 3002 375 3075 superest
397 2997 423 3055 si
446 2996 522 3055 lorte
545 2994 625 3054 voles
648 2995 761 3053 variare
784 2993 908 3072 figurae,

136 3085 303 3147 addendum
325 3085 418 3162 partis
442 3083 513 3143 alias
536 3085 601 3143 erit.
638 3081 707 3142 inde
732 3086 886 3160 sequetur,

136 3171 264 3235 adsimili
287 3174 399 3232 ratione
423 3171 494 3231 alias
517 3177 551 3231 ut
572 3169 701 3250 postulet
723 3169 809 3249 ordo,

137 3265 163 3324 si
185 3270 219 3322 tu
241 3261 317 3322 sorte
339 3260 420 3320 voles
442 3261 532 3318 etiam
555 3261 667 3319 variare
690 3258 808 3336 figuras.

59 3361 116 3413 400
135 3368 206 3430 ergo
229 3350 390 3409 formarum
413 3349 571 3407 novitatem
595 3347 728 3425 corporis
751 3363 877 3424 augmen

135 3439 334 3518 subsequitur.
371 3454 462 3516 quare
485 3453 545 3495 non
567 3441 669 3495 estut
691 3433 812 3494 credere
834 3435 933 3513 possis

134 3546 202 3591 0000
224 3527 348 3588 infinitis
371 3524 511 3586 distantia
534 3525 650 3587 semina
669 3522 794 3607 termis,
