2430 3878
417 197 699 256 inconsonans.
996 197 1062 253 xix

55 349 145 407 etiam
169 347 281 407 hiatum
302 347 352 406 xnix
374 346 432 407 fert
454 348 486 407 in
508 346 607 408 verbis
629 346 772 428 iambicis,
801 347 837 407 de
860 364 918 426 qua
939 365 973 408 re
994 346 1062 406 nido

55 453 130 514 quae
161 435 197 494 ad
225 430 349 496 v-1755
377 435 472 495 dicam
500 443 530 496 et
557 454 631 514 qnae
655 439 723 514 ipse
751 435 837 495 docet
856 435 899 495 -ad
925 434 965 494 lll
985 430 1062 495 etl.

55 541 114 584 non
141 525 241 589 minus
267 523 393 582 licenter
419 524 498 583 idem
529 531 624 585 mutat
655 523 727 585 illud
759 521 884 585 unimus
907 519 1063 603 clemonem

56 611 134 691 quod
156 618 243 671 *estut
265 610 308 670 lli
335 606 408 672 374.
460 612 512 672 sed
540 615 571 673 in
601 615 778 673 contrariam
801 629 922 690 ¹quoqne
949 618 1063 690 partem

54 705 173 778 peccat,
203 716 271 760 oum
294 716 401 759 versus
428 699 635 761 immodulatos
664 700 765 778 quales
793 696 1064 762 sustulisset

55 787 91 848 ii
116 783 203 848 1057
234 802 349 847 summo
372 805 511 848 uersuum
534 789 646 849 artifice
671 807 731 849 non
753 788 889 866 indignos
911 795 1003 867 putat,
1027 787 1063 847 de

55 893 179 937 caesura
210 877 398 953 nescioquo
426 877 504 936 inter
531 876 655 956 syllabas
682 876 926 955 colliquescuntes
953 876 1064 956 dicens,

55 980 145 1044 cumn
164 962 279 1023 nullam
299 980 364 1023 esse
383 963 470 1023 docet
486 962 556 1025 Luc.
574 964 715 1025 llirllerus
734 965 770 1024 de
788 982 822 1024 re
840 970 924 1045 metr.
941 982 970 1042 p.
991 961 1064 1026 196.

143 1050 314 1112 Proximum
349 1057 395 1111 est
424 1058 459 1112 ut
489 1052 653 1133 videamus,
689 1053 760 1132 quid
788 1051 995 1114 Lachmannus
1027 1052 1064 1112 de

54 1157 220 1202 serm-one
237 1139 414 1200 Lucretiano
433 1143 590 1201 censuerit
625 1148 710 1201 uocat
727 1143 773 1200 vir
785 1142 949 1201 acutissimi
961 1139 1065 1200 indicii

54 1227 228 1290 Lucretium
252 1229 449 1288 castissimum
472 1228 624 1289 latinitatis
648 1237 810 1309 auctorem,
837 1231 884 1289 cui
906 1231 1065 1288 immanem

55 1316 265 1377 soloecismum
291 1313 493 1395 qoudrmedes
516 1315 609 1395 ‘quom
632 1315 697 1378 sint
715 1318 857 1380 morteto
878 1317 1066 1395 impudenter

54 1405 272 1483 adscripserint
303 1407 495 1485 interpretes,
526 1405 563 1465 ad
590 1403 608 1465 l.
635 1405 672 1466 vl
700 1402 776 1467 757:
809 1408 872 1484 ipse
901 1405 1005 1465 scribit
1029 1403 1068 1484 fo

10 1562 12 1571 ¹
54 1489 302 1572 moototn’,·quod
326 1510 430 1553 vereor
452 1500 485 1554 ut
507 1493 630 1554 latinum
650 1496 697 1554 sit.
743 1494 831 1572 idem,
853 1511 890 1553 ne
906 1493 949 1553 ‘ad
971 1489 1066 1554 nobes

10 1596 12 1621 =
55 1614 98 1625 -
119 1577 224 1643 ensis
245 1579 284 1660 pe
299 1576 434 1642 aubibus
452 1613 495 1625 -
513 1584 677 1660 respiciens
694 1589 781 1662 poeta
798 1578 865 1642 loto
882 1588 912 1641 et
925 1582 1067 1642 -eetruoto

56 1671 225 1748 scripserit,
247 1669 385 1730 ciusdem
413 1668 482 1729 libri
508 1688 551 1730 vv.
577 1666 640 1732 185
664 1689 706 1749 sq.
731 1670 867 1730 versibus
892 1666 1065 1731 ree—193

56 1759 244 1836 interpositis
258 1774 313 1817 av.
331 1754 392 1819 187
408 1764 536 1836 separat:
555 1760 587 1817 in
601 1758 709 1836 quibus
722 1757 934 1818 mutationibus
948 1765 1066 1836 praeter

56 1844 252 1924 Bernaysium
282 1862 369 1904 nemo
400 1863 468 1905 eum
491 1853 611 1907 secutus
634 1853 688 1906 est.
734 1847 804 1925 quid
827 1842 928 1906 enim?
964 1863 1066 1905 nonne

56 1933 245 1994 Lachmanno
263 1932 482 1993 Lachmannnm
504 1952 662 2012 possumus
680 1952 838 2014 opponere,
861 1936 970 2013 quippe
988 1934 1066 2013 apud

57 2039 148 2101 quem
182 2021 256 2081 hacc
291 2023 401 2099 scripta
431 2029 537 2082 renatent
565 2023 698 2104 eiusdem
729 2022 799 2084 libri
829 2041 873 2082 vv.
905 2017 971 2082 214
1001 2040 1066 2101 sqq.

56 2105 176 2172 nubilo
197 2105 290 2170 coeli:
312 2109 342 2170 et
361 2125 430 2170 onon
451 2110 557 2171 onon
580 2126 648 2174 eas
670 2157 713 2191 ..,
738 2110 789 2170 ubi
812 2109 955 2170 librorum
976 2110 1067 2170 fidem

55 2204 180 2258 secutus
203 2197 233 2256 id
252 2199 369 2278 retinet,
393 2197 470 2275 quod
488 2200 639 2258 inmanem
661 2198 870 2258 soloecismum
888 2198 992 2258 uicere
1016 2199 1066 2258 de-

56 2285 155 2366 bebat,
174 2287 200 2345 si
219 2283 276 2344 sibi
294 2291 429 2345 constare
443 2285 544 2346 vellet:
567 2286 604 2346 ad
623 2286 701 2346 idem
720 2304 814 2364 genus
831 2288 969 2366 pertinet,
988 2286 1066 2364 quod

54 2373 95 2434 pp
111 2369 179 2435 456
196 2390 239 2435 >ea
262 2372 298 2433 ad
319 2369 413 2435 nobes
431 2405 474 2417 -
492 2373 615 2453 pluralis
638 2392 781 2434 numerus
805 2380 912 2433 est-
929 2373 1067 2456 refertur,

58 2461 93 2522 ci.
121 2461 200 2521 intra
227 2479 301 2540 quae
331 2461 465 2523 scribam.
515 2463 597 2522 vides
624 2464 715 2541 igitur
742 2469 880 2542 quattuor
898 2461 988 2545 locis,
1015 2462 1068 2524 ubi

58 2549 163 2610 eadem
184 2566 233 2608 res
257 2556 287 2610 et
308 2552 444 2610 neutrius
467 2557 497 2610 et
519 2550 654 2610 feminini
674 2553 792 2630 generis
810 2551 950 2611 vocabulo
968 2550 1067 2630 appel-

56 2636 114 2698 lan'
139 2639 249 2716 possit,
275 2637 446 2698 Lucretium
470 2641 503 2699 ¹in
532 2657 606 2699 novo
636 2642 787 2700 enuntiato
812 2642 906 2718 priori
934 2639 1067 2700 subiecto

59 2725 95 2785 ad
122 2743 188 2786 eam
219 2742 283 2785 rem
311 2727 523 2804 respicientem
554 2734 660 2788 neutro
691 2730 748 2809 uti,
779 2727 831 2788 ubi
862 2729 1067 2806 grammaticae

55 2811 106 2874 :lox
128 2813 317 2894 femininum,
341 2814 497 2895 feminino,
520 2815 574 2875 ubi
596 2823 735 2876 neutrum
756 2815 930 2895 postulabat.
979 2815 1067 2894 paulo

59 2899 146 2961 aliter
169 2919 201 2961 so
222 2919 273 2961 res
295 2900 391 2981 babet,
415 2901 510 2963 sicubi
531 2901 578 2965 rei
597 2903 739 2965 vocabulo
762 2921 835 2964 usus
858 2906 897 2964 ita
920 2906 1018 2982 pergit
1032 2911 1068 2964 *ut

58 2996 165 3050 neutro
187 2987 310 3068 pluralis
333 2992 451 3050 numeri
472 2998 586 3051 utatur:
610 2999 643 3052 ut
665 2999 711 3052 est
732 2988 807 3053 150
827 3009 870 3070 sq.
892 2989 1069 3073 racemate,

132 3074 240 3140 Mero
261 3086 292 3138 et
313 3076 351 3136 lv
369 3074 438 3157 344
460 3097 513 3158 sq,
536 3079 614 3157 qnod
637 3079 729 3140 multo
752 3079 857 3140 durius
880 3087 925 3140 cst
947 3087 1069 3159 propter
1180 3118 1182 3122 ι

60 3163 293 3246 ambiguitatem
321 3183 428 3228 rerum
453 3164 623 3229 simulacro
645 3214 710 3248 ...,
740 3184 818 3246 quoe
844 3165 907 3229 sito
934 3170 1009 3229 sunt
1033 3165 1069 3229 o'n

59 3247 134 3330 loca,
165 3271 236 3314 nam
265 3271 369 3315 rerum
400 3254 555 3316 simulacra
583 3259 702 3316 omnino
726 3259 788 3316 sita
814 3274 873 3316 non
902 3263 983 3336 sunt,
1016 3256 1068 3315 sed

60 3342 195 3404 feruntur
226 3341 395 3404 incredibili
422 3343 583 3405 celeritate.
638 3362 708 3423 ergo
739 3343 812 3404 illud
844 3361 922 3424 quoe
953 3342 988 3404 ad
1019 3359 1070 3406 ees

60 3429 249 3493 monendam
267 3437 325 3491 est.
370 3449 492 3492 monere
514 3438 613 3492 tamen
634 3432 735 3513 velim,
762 3432 818 3493 boc
840 3436 938 3493 minus
961 3432 1070 3492 durum

55 3519 122 3583 lieri
150 3520 337 3600 pronominis
357 3518 474 3581 relativi
494 3527 615 3605 natura,
643 3539 720 3604 quae
742 3540 807 3585 non
823 3539 960 3604 prorsus
981 3519 1095 3578 satem

835 3623 881 3679 b*
