2430 3878
470 186 751 243 PROLEGOMENA.
1028 185 1115 240 LXXI

97 353 168 399 esse
179 332 306 415 potierit
316 334 348 394 B.
367 336 528 412 ingeniose.
561 332 634 397 irinc
650 331 738 396 illinc
754 332 859 413 niaque
871 335 907 395 ret
917 351 980 397 aaa
993 335 1115 413 satpcsr

94 473 96 476 .
125 424 234 486 ...Mr
258 423 314 483 alia
336 422 402 483 vide
426 441 470 501 ap.
493 421 618 483 Pellium
642 423 678 483 de
702 432 754 483 art.
778 441 839 482 roc.
863 442 891 501 p.
915 419 958 484 35
982 441 1038 503 sq,
1062 425 1114 502 qui

100 472 170 593 ipse
183 514 317 591 proxime
336 511 371 571 ad
385 529 488 571 verum
503 511 643 572 accedere
661 497 745 590 putat
757 511 826 571 hoc:
845 508 917 573 hiric
929 508 1017 571 illinc
1023 507 1114 590 parti

99 603 139 662 ert
150 618 217 679 par
233 598 262 661 si
273 615 354 678 pars
372 615 434 661 esse
445 617 489 678 po
490 597 639 661 lissit—
597 597 698 660 —19
703 596 724 659 0
742 597 796 661 sed
811 615 878 660 rea
895 616 1029 678 quaeque
1046 599 1113 659 Mn:

101 687 159 751 sed
178 687 208 749 si
229 705 364 767 quaeque
378 687 436 758 OQ.
458 686 506 750 cis
527 687 683 748 Lm..-B
702 685 767 750 933
787 707 829 766 sq.
852 685 995 749 decursam
1017 685 1114 766 aquai

104 774 216 856 lmrpre’
241 775 318 837 citat
410 773 513 838 saecla
535 775 684 855 ferarum.
724 775 863 836 Bitschel.
890 795 916 836 v.
938 775 1009 835 Poll.
1032 775 1051 835 l.
1075 794 1113 836 c:

102 862 309 928 clariritatis
326 866 355 926 te
372 863 429 934 OQ.
448 861 606 944 clmipitni
624 864 685 925 Lm.
704 864 749 945 B.,
773 864 824 924 sed
843 863 909 924 vide
928 863 980 923 Mr.
1000 870 1058 923 not.
1078 863 1112 924 11.

102 951 203 1017 clmtl'
220 952 296 1014 citat
306 951 448 1030 Forbiger
461 952 513 1012 Mr.
534 986 575 995 —
595 950 660 1015 935
678 954 752 1014 recia
764 949 837 1031 capi
851 945 927 1034 (Lm.
941 953 1023 1029 vagis
1038 945 1111 1034 OQ.)

102 1039 259 1106 silcesirr'a
276 1037 389 1119 templa
400 1037 562 1116 petebant
574 1043 689 1120 scripsi,
706 1040 849 1119 probante
864 1038 1016 1100 Giussano.
1045 1057 1113 1100 nam

102 1139 135 1192 et
161 1128 235 1210 capi
260 1125 400 1191 tenebam
424 1129 583 1190 absurdum
612 1135 657 1188 est
682 1135 711 1188 et
734 1126 812 1206 qued
836 1130 902 1207 quis
926 1130 1010 1206 quasi
1033 1127 1113 1188 domi

102 1219 219 1298 habeat,
241 1226 275 1279 ut
297 1236 414 1296 semper
436 1218 542 1298 videat,
564 1217 595 1277 id
617 1219 716 1296 inepte
735 1216 850 1276 dicatur
869 1219 954 1276 scire.
974 1249 1016 1259 -
1037 1212 1101 1278 967
1105 1262 1112 1276 .

95 1304 179 1370 ’975.
212 1304 286 1370 968.
318 1304 382 1368 969
414 1303 508 1367 sibus
535 1304 593 1375 OQ.
626 1306 661 1365 ci.
693 1304 725 1364 L.
752 1304 864 1365 Miller.
897 1304 933 1363 de
964 1323 997 1364 re
1026 1311 1112 1364 metr.

102 1416 132 1476 p.
149 1392 221 1458 350.
233 1428 275 1437 -
286 1392 351 1456 970
365 1388 444 1476 (958
459 1387 540 1477 Brg.)
555 1391 642 1455 reuda
654 1390 772 1454 dabam
783 1385 852 1475 (pra
865 1388 1028 1454 cedebam
1038 1386 1111 1475 00.)

104 1504 174 1545 cum
196 1483 337 1544 Lambinc
361 1500 476 1543 omnes:
498 1482 570 1543 haec
594 1485 691 1542 omnia
713 1489 793 1542 recte
814 1480 928 1562 Munre,
951 1483 1010 1542 nisi
1033 1481 1112 1559 quod
1134 1504 1135 1508 ¹

101 1569 192 1635 aubu'
209 1570 255 1634 sic
273 1570 388 1635 scribit:
408 1571 612 1631 Lachmannus
631 1571 727 1630 locum
745 1572 897 1649 pervertit,
920 1587 987 1630 cum
1005 1587 1110 1630 versus

103 1665 149 1722 sie
173 1660 307 1720 collocat:
330 1656 404 1721 967.
424 1656 497 1721 968.
517 1656 580 1720 969
603 1655 817 1738 saetigerisque
832 1654 1038 1736 parassemus

103 1745 180 1811 975.
216 1745 280 1810 969
397 1743 551 1809 silvestria
589 1745 732 1808 membra.
795 1749 844 1806 cui
883 1753 1001 1824 praeter
1041 1745 1112 1805 Ber·

102 1840 239 1917 naysium
253 1853 339 1896 nemo
355 1853 493 1895 assensus
508 1844 561 1896 cst.
572 1869 614 1878 —
625 1833 688 1898 966
703 1836 740 1895 ul
749 1831 819 1914 fieri
825 1835 959 1912 possessi
967 1830 1113 1894 mirarier

102 1925 196 1986 Madv.
225 1924 336 1985 advers.
365 1926 429 1983 crit.
457 1922 483 1983 Π
509 1941 537 2002 p.
565 1921 616 1985 28.
661 1920 732 2003 fieri
751 1924 857 2001 posset
881 1919 1027 1983 mirarier
1054 1921 1112 1992 00.

102 2014 167 2074 Lm.
194 2012 226 2073 B.
251 2012 318 2091 Mc,
346 2011 424 2089 quod
446 2011 595 2072 Madvicus
618 2029 729 2071 meram
752 2010 918 2070 barbariem
941 2028 1007 2070 esse
1031 2010 1112 2070 dicit.

104 2136 148 2146 —-
172 2099 237 2163 972
264 2096 440 2179 validique
466 2096 562 2161 leonis
584 2099 643 2169 OQ.
666 2101 685 2158 i.
709 2117 733 2158 e.
761 2105 791 2158 et
813 2097 884 2158 alias
907 2097 995 2157 validi
1018 2098 1113 2158 leonis

103 2190 240 2252 adventu.
276 2206 333 2267 que
350 2187 412 2268 Mn,
436 2188 487 2248 sed
510 2206 543 2248 re
566 2206 625 2248 non
647 2193 811 2265 perspecta.
847 2182 981 2247 vallelias
1002 2186 1064 2246 Lm.
1081 2185 1112 2245 B.

104 2313 148 2322 -
176 2275 241 2340 976
268 2273 418 2338 lamentis
444 2274 494 2347 00
522 2278 686 2356 aptissime:
713 2270 842 2335 labentis
868 2273 930 2332 Lm.
958 2272 1003 2354 B,
1035 2274 1113 2352 quod

104 2369 165 2428 nisi
187 2366 224 2427 de
247 2383 318 2426 sene
342 2367 391 2425 vix
415 2365 474 2425 dici
491 2367 593 2445 possit.
617 2397 659 2406 -
683 2360 744 2425 981
771 2369 808 2424 et
829 2377 960 2440 quos—2
989 2362 1025 2422 ai
1046 2361 1113 2442 OQ,

104 2455 184 2535 quod
210 2472 265 2534 per
292 2471 324 2514 se
352 2471 420 2513 cum
447 2460 527 2513 recte
556 2471 588 2512 se
615 2451 735 2531 habeat,
768 2468 832 2510 eam
858 2457 957 2510 tamen
985 2450 1022 2509 cb
1051 2469 1113 2510 rem

104 2545 178 2604 ferri
204 2544 321 2621 nequit,
349 2541 427 2620 quod
455 2541 490 2601 ab
514 2540 616 2601 eadem
639 2539 740 2599 vocula
763 2558 789 2599 v.
814 2536 878 2601 986
902 2557 936 2599 ea
959 2541 1114 2619 incipiunt,

104 2650 181 2711 quae
196 2633 333 2708 antiquae
351 2632 398 2690 rei
415 2629 577 2690 conditioni
596 2635 791 2707 opponuntur.
806 2660 848 2669 —
864 2623 929 2690 984
937 2625 1116 2705 primorum

92 2719 213 2799 -Saupp
233 2719 270 2779 de
293 2717 356 2778 cod.
374 2716 482 2778 Victor.
505 2737 533 2797 p.
554 2714 603 2779 16.
639 2714 710 2776 Poll.
730 2716 748 2776 l.
768 2735 792 2776 c.
812 2749 854 2758 —
867 2713 1039 2795 privarant
1051 2715 1113 2785 00.

106 2808 171 2869 edd.
190 2840 232 2850 —
252 2824 370 2867 versum
389 2803 453 2865 993
478 2808 504 2865 si
521 2805 676 2865 Lucretius
700 2806 828 2884 scripsit,
850 2804 923 2863 hora
941 2822 1000 2863 non
1019 2803 1113 2863 fausta

106 2897 236 2976 scripsit.
259 2926 301 2938 -—
326 2890 388 2955 997
413 2911 495 2954 nunc
517 2892 595 2956 derit
619 2893 716 2956 aliis
742 2888 894 2954 sollertius
917 2893 1024 2971 scripsi
1047 2911 1114 2952 cum

104 2982 275 3063 Bernaysic,
289 2982 367 3060 quod
377 2978 450 3044 aliis
464 2982 717 3062 simplicissimum
731 2999 796 3041 esse
809 2979 976 3040 videbatur:
994 2978 1116 3042 nudant

103 3067 257 3134 sollertius
275 3068 333 3140 00.
356 3086 439 3131 nunc
458 3086 491 3131 se
512 3069 634 3132 audant
654 3069 765 3150 Lm.,'a
788 3070 934 3128 sententia
952 3075 1013 3128 tcto
1033 3068 1113 3129 caelo

105 3160 254 3222 aberrans.
289 3156 387 3219 amni
407 3175 491 3220 aare
514 3156 592 3219 dant
609 3158 661 3218 Mr.
685 3191 727 3200 -
751 3154 815 3218 999
839 3152 949 3218 mulier
1046 3174 1114 3217 corr-

103 3246 193 3310 cessil
208 3246 245 3309 ire
261 3260 389 3308 nnuma
404 3243 525 3326 capuita
536 3247 668 3308 suaiMr.
692 3242 852 3307 canalium
862 3244 924 3305 Lm.
939 3243 1114 3323 eortiupirrm

103 3336 135 3397 B.
155 3337 191 3397 cf.
210 3354 238 3415 p.
256 3334 367 3396 XXVII.
386 3369 427 3378 -
452 3332 534 3396 1007
553 3352 607 3396 rrec
624 3331 742 3396 laedere
758 3351 813 3395 ricc
825 3330 938 3394 violari
954 3332 1113 3412 respondet

102 3425 147 3486 illi
169 3425 291 3504 Epicuri
319 3423 397 3504 quod
420 3431 466 3484 est
488 3442 532 3502 ap.
556 3422 636 3501 Diog.
659 3422 754 3482 Laert.
783 3428 820 3481 et.
844 3421 870 3480 X
894 3439 955 3499 par.
982 3419 1045 3483 150
1068 3418 1112 3502 μὴ

102 3511 262 3594 βλάπτειν
276 3505 360 3593 μηδὲ
375 3509 591 3593 βλάπτεσθαι.
606 3545 648 3555 -
664 3506 752 3574 mai
765 3527 812 3591 sq.
829 3507 908 3590 qaia
919 3504 1126 3583 cetteticnere
