2430 3878
590 192 616 250 V
1041 193 1104 259 133

149 358 206 401 nee
227 358 315 420 posse
338 339 495 400 incolumis
518 359 657 420 magnum
679 340 786 402 durare
808 359 863 420 per
886 360 1000 425 aevom,

151 427 203 488 sed
227 428 384 489 simulacra
408 429 502 490 solere
525 432 557 489 in
580 431 691 490 somnis
714 428 815 490 fallere
837 437 980 512 mentem,

151 533 274 578 cernere
298 535 366 578 cum
388 517 540 578 videamur
563 536 631 578 eum
654 536 742 596 quem
764 520 823 578 vita
846 518 979 600 reliquit,

74 611 76 615 ’
152 604 230 684 quod
254 612 402 686 superest,
426 623 504 666 nunc
526 605 584 666 huc
607 608 730 667 rationis
753 606 858 666 detulit
881 607 966 688 ordo,

98 709 133 758 65
152 700 185 753 ut
207 693 281 753 mihi
303 692 421 754 mortali
444 695 606 755 consistere
630 713 753 774 corpore
776 695 919 755 mundum

152 784 338 861 nativomque
363 781 451 842 simul
473 784 547 843 ratio
571 782 722 843 reddunda
746 784 784 843 sit
806 801 886 865 esse3

154 877 184 931 et
206 869 313 948 quibus
336 869 385 929 ille
408 869 504 931 modis
527 889 703 950 congressus
726 873 861 931 materiai

152 958 283 1019 fundarit
304 965 416 1018 terram
438 957 551 1018 caelum
573 977 654 1019 mare
677 958 774 1019 sidera
797 958 890 1019 solem

153 1045 291 1126 lunaique
315 1045 446 1127 globum3
469 1053 532 1106 tum
556 1065 629 1126 quae
652 1045 757 1107 tellure
783 1049 946 1107 animantes

100 1151 134 1201 70
154 1137 318 1215 extiterint,
342 1141 372 1194 et
395 1153 470 1213 quac
492 1132 573 1194 nullo
598 1137 657 1194 sint
678 1142 811 1214 tompore
834 1141 932 1216 natae3

154 1241 247 1302 quove
269 1222 357 1282 modo
380 1240 474 1301 genus
496 1223 657 1282 humanum
679 1225 810 1283 variante
832 1221 958 1302 loquella

154 1313 285 1390 coeperit
306 1312 385 1370 inter
409 1329 440 1371 se
463 1313 543 1371 vesci
564 1328 619 1389 per
641 1313 760 1371 nomina
782 1329 895 1392 rerum3

154 1406 184 1459 et
207 1398 313 1477 quibus
331 1397 382 1458 ille
405 1399 500 1458 modis
523 1399 621 1459 divom
643 1406 740 1459 metus
762 1401 921 1459 insinuarit

152 1493 285 1568 pectora,
302 1493 455 1564 terrarum
479 1488 583 1566 quiin
606 1486 671 1547 orbi
694 1494 793 1547 sancta
815 1494 916 1548 tuetur

100 1590 135 1640 '15
154 1575 220 1636 iana
242 1575 324 1635 lacus
345 1575 428 1635 lucos
452 1593 517 1635 aras
541 1574 754 1654 simulacraque
777 1575 883 1636 divom.

154 1670 306 1743 praeterea
329 1663 400 1723 solis
423 1681 528 1723 cursus
551 1662 694 1743 lunaeque
717 1670 831 1725 meatus

155 1752 308 1831 expediam
331 1769 388 1830 qua
410 1753 439 1810 vi
461 1751 559 1812 llectat
581 1759 685 1812 natura
708 1751 888 1833 gubernans3

155 1858 192 1900 ne
215 1841 291 1900 lorte
313 1839 385 1900 haec
408 1842 487 1899 inter
509 1838 623 1899 caelum
644 1847 812 1918 terramque
836 1858 953 1901 reamur

154 1927 246 1989 libera
270 1935 373 2007 sponte
397 1946 577 1987 succursus
600 1926 726 1988 lustrare
747 1930 900 2008 perennis,

100 2032 136 2083 80
154 2018 301 2094 morigera
324 2015 360 2075 ad
383 2016 483 2094 fruges
506 2015 654 2093 augendas
676 2022 763 2094 atque
786 2018 955 2097 animantis,

155 2122 228 2165 neve
251 2103 348 2182 aliqua
371 2103 469 2164 divom
491 2102 567 2163 volvi
589 2106 702 2163 ratione
724 2110 869 2182 putemus.

155 2210 222 2252 nam
245 2191 320 2252 bene
344 2194 395 2271 qui
418 2191 548 2251 didicere
571 2191 642 2251 deos
665 2209 803 2252 securum
826 2210 912 2269 agere
936 2210 1050 2273 aevom,

156 2282 183 2341 si
204 2287 302 2341 tamen
324 2281 439 2340 interea
461 2281 607 2340 mirantur
629 2297 686 2359 qua
708 2281 821 2339 ratione

157 2387 289 2448 quaeque
312 2371 377 2446 geri
397 2370 526 2448 possint,
548 2369 724 2446 praesertim
746 2366 836 2428 rebus
858 2369 890 2427 in
912 2367 970 2428 illis

103 2472 137 2522 so
156 2474 230 2536 quae
253 2474 360 2536 supera
383 2463 470 2535 caput
492 2456 631 2516 aetheriis
654 2462 816 2516 cernuntur
838 2456 870 2515 in
893 2458 966 2539 oris,

155 2563 259 2605 rursus
282 2547 314 2604 in
336 2547 470 2623 antiquas
493 2544 663 2604 referuntur
685 2543 856 2624 religiones,

157 2640 187 2694 et
209 2632 343 2693 dominos
365 2635 442 2693 acris
465 2632 645 2712 adsciscunt,
668 2635 766 2692 omnia
787 2651 875 2711 posse

157 2738 230 2800 quos
254 2722 355 2781 miseri
378 2720 514 2801 credunt,
537 2722 633 2799 ignari
656 2720 726 2799 quid
750 2728 838 2798 queat
860 2738 939 2800 esse,

56 2882 59 2887 p
157 2809 227 2888 quid
250 2816 389 2889 nequeat,
412 2808 494 2869 finita
517 2815 647 2888 potestas
669 2809 797 2887 denique
821 2810 927 2886 cuique

103 2913 138 2962 90
157 2915 282 2975 quanam
305 2899 344 2956 sit
366 2899 480 2957 rationo
503 2903 590 2976 atque
613 2895 670 2956 alte
693 2898 837 2957 terminus
859 2896 993 2955 haerens.

199 2984 284 3056 Quod
307 2991 455 3065 superest,
479 3003 515 3046 ue
537 2992 567 3045 te
589 2987 621 3044 in
643 2986 798 3063 promissis
821 2982 905 3062 plura
928 3001 1089 3065 moremur,

154 3076 301 3153 principio
323 3075 416 3133 maria
439 3091 472 3133 ac
494 3079 589 3133 terras
612 3071 783 3151 caelumque
806 3079 904 3153 tuere;

156 3179 282 3240 quorum
303 3168 438 3221 naturam
460 3159 622 3240 triplicem,
644 3162 702 3220 tria
724 3178 860 3240 corpora,
882 3159 1013 3241 Memmi,
1081 3186 1084 3191 ¹

155 3251 210 3309 tris
233 3252 348 3329 species
371 3256 431 3309 tam
453 3247 619 3328 dissimilis,
642 3250 699 3308 tria
720 3247 789 3308 talia
811 3254 903 3328 texta,

102 3354 136 3403 95
155 3356 213 3398 una
236 3337 299 3398 dies
323 3337 404 3398 dabit
426 3338 528 3417 exitio,
551 3336 717 3415 multosque
740 3353 794 3416 per
817 3354 909 3396 annos

156 3432 317 3487 sustentata
339 3433 407 3486 ruet
428 3424 521 3485 moles
545 3432 575 3485 et
596 3425 730 3485 machina
753 3424 863 3485 mundi.

154 3533 209 3575 nec
233 3532 279 3574 me
303 3516 394 3574 animi
416 3513 490 3574 fallit
514 3532 602 3592 quam
624 3531 672 3574 res
695 3531 772 3574 nova
792 3515 927 3592 miraque
947 3513 1047 3571 menti
