2430 3878
594 221 621 274 11

173 362 227 425 sed
249 369 342 444 magis
365 366 488 428 adsiduo
510 370 649 447 varioque
673 370 802 428 exercita
823 376 906 430 motu

172 456 280 532 partim
302 455 464 515 intervallis
486 458 601 534 magnis
625 455 753 517 coniidta
775 456 932 538 resultant,

172 560 241 621 pars
265 545 353 603 etiam
375 542 514 604 brevibus
538 546 641 622 spatiis
664 552 807 605 vexantur
829 544 864 604 ab
888 547 956 607 ictu.

94 636 154 687 100
174 637 205 690 et
227 649 428 711 quaecumque
449 634 545 710 magis
568 633 717 694 condenso
740 633 898 694 conciliatu

175 721 288 798 exiguis
312 719 473 780 intervallis
497 728 635 781 convecta
657 720 814 802 resultant,

173 807 344 887 indupedita
368 810 429 868 suis
452 808 601 887 perplexis
624 811 688 887 ipsa
710 810 828 890 figuris,

174 895 246 956 haec
268 896 378 956 validas
403 899 466 956 saxi
488 897 602 957 radices
626 904 656 956 et
678 898 740 957 iera
762 898 835 958 ferri

175 1002 298 1063 corpora
321 986 504 1045 constituunt
526 991 556 1044 et
579 992 676 1044 cetera
699 983 864 1063 degenere
888 985 993 1046 horum

99 1079 155 1129 105
174 1071 306 1151 paucula.
344 1091 418 1153 quae
440 1090 529 1152 porro
552 1089 691 1149 magnum
713 1091 767 1152 per
789 1076 876 1133 inane
899 1080 1040 1152 vagantur

127 1183 130 1187 '
598 1179 616 1217 *

175 1255 273 1309 cetera
296 1248 446 1308 dissiliunt
467 1247 553 1327 longe
575 1246 720 1327 longeque
742 1256 898 1310 recursant

174 1339 206 1396 in
228 1339 342 1414 magnis
364 1335 539 1397 intervallis:
562 1337 635 1397 haec
657 1341 725 1397 aira
747 1355 847 1398 rarum

175 1425 326 1486 sufficiunt
348 1424 435 1484 nobis
458 1431 488 1484 et
510 1423 663 1503 splendida
685 1425 796 1486 lumina
819 1425 899 1486 solis.

174 1512 323 1591 multaque
346 1519 499 1592 praeterea
522 1531 661 1591 magnum
683 1532 737 1592 per
759 1515 846 1574 inane
870 1515 1023 1595 vagantur,

101 1608 156 1657 110
175 1600 308 1662 conciliis
331 1619 432 1660 rerum
455 1618 529 1680 quae
553 1609 621 1661 sunt
643 1604 753 1661 reiecta
774 1620 830 1662 nec
852 1620 977 1682 usquam

175 1691 344 1750 consociare
368 1691 455 1749 etiam
478 1696 575 1749 motus
598 1696 720 1768 potuere
744 1696 871 1769 recepta.

175 1779 273 1858 cuius,
295 1778 340 1838 uti
362 1795 507 1857 memoro,
528 1779 574 1837 rei
597 1777 787 1838 simulacrum
810 1785 840 1838 et
862 1781 957 1857 image

174 1873 241 1926 ante
265 1865 366 1926 oculos
389 1884 507 1944 semper
529 1864 614 1926 nobis
637 1874 771 1926 versatur
794 1873 824 1950 et
845 1869 944 1927 instat.

174 1952 388 2033 contemplator
410 1956 503 2032 enim,
526 1971 593 2014 eum
616 1953 686 2014 solis
709 1953 821 2014 lumina
844 1973 968 2034 cumque

38 2055 40 2059 ’
102 2050 155 2098 115
174 2044 280 2103 inserti
302 2041 429 2102 fundunt
451 2041 526 2101 radii
543 2060 598 2120 per
620 2060 710 2120 opaca
732 2042 899 2103 domorum:

174 2129 265 2190 multa
286 2132 399 2190 minuta
421 2129 516 2189 modis
539 2129 640 2189 multis
662 2148 716 2208 per
738 2132 825 2190 inane
847 2130 961 2191 videbis

175 2237 298 2297 corpora
320 2221 450 2298 misceri,
472 2217 621 2277 radiorum
644 2216 755 2277 lumine
778 2220 809 2277 iu
832 2220 911 2299 ipso,

175 2314 205 2367 et
226 2306 306 2367 velut
329 2311 448 2366 aeterno
472 2307 631 2365 certamine
655 2304 767 2384 proelia
788 2323 901 2384 pugnas

175 2395 262 2455 edere
285 2396 436 2454 turmatim
459 2395 600 2454 certantia
623 2412 678 2454 nec
701 2394 770 2454 dare
793 2412 929 2476 pausam,

102 2491 156 2540 120
175 2481 308 2543 conciliis
331 2489 362 2542 et
383 2481 517 2542 discidiis
540 2484 670 2542 exercita
692 2481 819 2563 crebris,

175 2572 311 2632 conicere
334 2577 367 2630 ut
388 2572 485 2649 possis
509 2588 544 2630 ex
567 2570 636 2650 hoc,
658 2570 821 2649 primordia
844 2588 944 2631 rerum

148 2677 149 2680 ¹
175 2658 259 2738 quale
282 2661 322 2719 sit
344 2661 375 2719 in
397 2676 503 2737 magno
526 2660 629 2718 iactari
651 2676 770 2737 semper
791 2661 880 2719 inani.

175 2747 337 2827 dumtaxat,
359 2763 460 2806 rerum
482 2764 654 2824 magnarum
675 2765 764 2825 parva
786 2753 884 2826 potest
906 2764 955 2807 res

175 2834 343 2915 exemplare
364 2834 434 2895 dare
458 2841 487 2895 et
509 2837 632 2912 vestigia
653 2837 776 2894 notitiai.

103 2931 154 2982 125
172 2914 230 2984 hoc
253 2925 342 2984 etiam
364 2925 456 3001 magis
479 2922 551 2983 haec
574 2925 703 2983 animum
727 2929 756 2982 te
780 2922 932 2982 advertere
955 2941 1009 3001 par
1031 2933 1076 2983 est

175 3030 298 3091 corpora
321 3029 395 3091 quae
418 3013 449 3071 in
473 3011 543 3070 solis
566 3010 657 3072 radiis
679 3009 798 3071 turbare
822 3010 970 3091 ridentur,

175 3100 253 3180 quod
275 3099 349 3179 tales
372 3099 474 3159 turbae
497 3105 595 3160 motus
618 3117 734 3178 quoque
757 3101 893 3160 materiai

174 3189 342 3267 significant
363 3187 560 3249 clandestinos
583 3204 742 3266 caecosque
766 3186 897 3248 subesse.

173 3276 265 3337 multa
287 3275 400 3336 videbis
423 3278 502 3335 enim
524 3275 618 3354 plagis
641 3274 683 3334 ibi
705 3279 818 3354 percita
841 3278 937 3336 caecis

102 3374 155 3424 180
175 3371 354 3425 commutare
376 3366 452 3424 riam
476 3371 615 3441 retroque
638 3363 756 3442 repulsa
778 3367 901 3444 reverti,

173 3471 253 3514 nunc
274 3452 332 3513 huc
355 3471 434 3513 nunc
457 3451 539 3531 illuc,
562 3453 593 3510 in
616 3458 736 3512 cunctas
760 3452 891 3531 undique
914 3455 1007 3531 partis

112 3564 150 3635 s
172 3541 297 3622 seilicet,
318 3541 368 3602 tric
391 3559 408 3602 a
428 3541 589 3625 principiis
613 3548 661 3605 est
684 3540 828 3604 cmdmus
850 3557 949 3602 exrex.

890 3637 930 3695 ⁸5*-
